2436 3826
153 170 218 224 XVI
464 173 665 224 PRAEFATIO
683 173 854 225 EDITORIS

153 339 281 415 laboret,
299 338 360 398 iam
378 338 448 398 inde
466 338 598 399 efficitur
617 340 697 417 quod
715 359 744 416 p.
763 341 815 417 41,
836 340 876 399 15
897 339 1055 399 duodecim
1072 341 1165 400 verba

155 430 243 488 111113
263 459 301 468 -
321 429 368 487 bis
385 429 525 497 decentis,
544 447 621 505 quse
639 428 671 488 in
689 429 719 488 N
736 428 964 507 inierciderunt,
987 447 1056 489 cam
1074 429 1166 488 libra-

154 516 218 576 rius
241 517 279 576 sb
302 516 398 577 altero
422 519 510 577 annis
538 518 576 576 ed
599 518 729 577 olternm
752 518 930 596 aberrasset,
960 536 1020 578 non
1043 518 1165 579 omittit.

155 608 188 665 et
219 624 279 666 non
311 605 421 665 desunt
447 606 500 683 qui
527 607 605 666 telis
632 625 651 664 a
676 606 809 666 librariis
837 609 892 666 eut
919 606 1077 666 abbatibus
1104 607 1167 667 illis

154 694 335 755 doctissimis
365 694 509 754 nimirum
542 697 573 754 et
600 695 783 755 acutissimis
810 714 847 754 or
874 695 997 772 ingenio
1025 696 1167 772 suppleto

154 782 345 844 contendant.
391 783 501 860 quibus
530 785 669 861 quemvis
698 784 809 861 opponi
830 784 927 860 possit
950 779 1091 844 credibile
1114 803 1166 843 ne-

155 891 341 950 quamquem
362 872 459 934 videri
482 873 520 932 ab
543 873 605 933 illis
627 873 780 951 longiores
802 873 927 932 lncnnss
947 873 1058 933 eisdem
1075 874 1166 949 plene

153 960 254 1021 verbis
278 979 356 1038 quae
382 961 416 1020 in
444 960 512 1021 eliis
536 961 689 1022 codicibus
710 961 825 1020 tradite.
848 963 920 1020 sunt
942 962 1077 1037 expletas
1101 980 1166 1021 esse

154 1052 190 1109 nt
211 1050 243 1108 in
265 1050 348 1126 ipses
370 1050 440 1109 illes
458 1068 547 1110 voces
565 1051 643 1110 dorni
661 1051 786 1109 iactatas
805 1054 847 1109 est
868 1052 899 1109 et
920 1050 952 1108 in
972 1051 1167 1125 parenthesin

154 1139 226 1198 adeo
253 1139 374 1212 difficile
399 1140 500 1213 inerat
524 1139 635 1198 Italiae
664 1141 737 1198 dare
766 1143 854 1212 capnt
879 1138 1057 1217 inciderent,
1089 1159 1166 1216 quae

153 1227 185 1287 in
214 1227 240 1285 B
268 1228 415 1305 leguntur
446 1230 478 1287 et
506 1246 560 1304 pro
589 1227 698 1304 quibus
727 1227 788 1287 elia
814 1227 913 1286 multe
940 1226 1086 1287 substitui
1113 1247 1166 1305 po-

153 1316 249 1376 tuisse
271 1319 367 1394 petet,
388 1318 490 1375 temen
512 1335 550 1375 ne
573 1334 634 1376 nno
657 1317 723 1376 loco
747 1316 955 1394 quaestionem
978 1317 1095 1378 solvere
1118 1335 1166 1376 co-

153 1408 244 1465 natus
268 1423 332 1464 esse
355 1422 475 1482 arguar,
498 1405 574 1465 alios
592 1406 647 1465 hos
670 1405 792 1464 addam:

219 1515 249 1571 p.
270 1497 320 1571 21,
341 1497 358 1553 7
383 1495 482 1568 sipnat
501 1495 618 1553 nomme
639 1493 664 1552 L
687 1496 806 1568 seinata
826 1496 944 1553 nomme
964 1494 994 1553 N
1016 1495 1094 1553 mele

219 1603 248 1660 p.
269 1584 320 1660 32,
341 1584 381 1643 13
403 1600 462 1656 pro
491 1585 645 1642 tarentinis
671 1582 697 1641 L
718 1587 880 1657 portarent.
907 1585 941 1642 in
966 1584 1013 1643 dis
1034 1584 1064 1643 N
1086 1584 1166 1642 male

219 1692 249 1748 p.
269 1674 320 1750 34,
340 1674 358 1730 7
380 1674 470 1746 pram
492 1673 565 1731 mode
585 1671 611 1730 L
634 1674 712 1731 eirca
733 1690 813 1732 mere
834 1673 864 1732 N
885 1672 964 1730 msle

219 1782 249 1838 p.
270 1761 321 1836 35,
340 1762 359 1820 7
382 1762 468 1820 niden
490 1778 536 1820 me
556 1761 693 1835 inpnitL
716 1763 793 1821 idem
815 1763 1015 1834 onmeinqwit
1036 1760 1065 1818 N
1087 1760 1166 1818 mele

219 1871 248 1927 p.
268 1851 321 1927 54,
342 1851 360 1910 6
384 1851 470 1910 caede
483 1878 491 1894 ·
499 1854 593 1924 parta
609 1852 748 1910 nobilitas
765 1850 791 1909 L
809 1851 895 1910 caede
912 1850 993 1923 faeta
1007 1879 1015 1893 ·
1030 1849 1167 1908 nobilitas

366 1937 396 1996 N
417 1938 497 1996 male

219 2047 248 2103 p.
270 2029 320 2101 76,
341 2027 384 2085 20
407 2022 496 2085 elidos
518 2043 635 2100 conpos
656 2027 682 2085 L
706 2028 790 2086 elidis
813 2045 929 2101 campos
951 2027 982 2086 N
1003 2026 1082 2085 msle

220 2136 249 2191 p.
272 2116 343 2190 118,
364 2116 382 2172 7
405 2132 442 2173 ne
459 2115 591 2188 popnins
610 2117 740 2188 pendens
756 2117 849 2174 eicior
866 2116 891 2173 L
914 2133 997 2175 nnnc
1016 2133 1081 2174 snm
1097 2132 1165 2188 pen·

367 2204 441 2262 tinm
461 2205 555 2262 nister
576 2203 604 2261 N
627 2203 707 2261 male

220 2312 248 2368 p.
270 2294 344 2370 121,
363 2293 382 2351 8
406 2309 459 2351 sno
481 2293 547 2350 iane
566 2309 630 2351 rem
645 2292 798 2365 pnbdcam
814 2290 941 2350 Senotns
959 2293 1043 2350 exilio
1061 2291 1087 2349 L
1108 2310 1166 2352 om.

367 2380 396 2438 N
418 2381 497 2440 male

220 2491 249 2546 p.
271 2471 343 2549 124,
363 2465 384 2529 2
406 2469 483 2528 Eece
505 2470 627 2530 carseoli
640 2467 686 2526 ·L
710 2469 916 2544 eccepbarseoli
934 2459 967 2550 (1
985 2486 1077 2544 supra
1099 2487 1165 2529 ver-

368 2576 436 2618 sum
457 2579 497 2617 m.
517 2549 560 2638 2.)
583 2558 613 2616 N
635 2559 714 2617 male

219 2668 248 2723 p.
269 2649 343 2725 128,
363 2649 381 2707 3
405 2649 539 2722 deinceps
561 2647 678 2706 111111
698 2646 724 2705 L
752 2648 886 2720 deinceps
907 2647 1013 2705 borani
1034 2646 1064 2705 N
1086 2647 1166 2705 male

220 2757 249 2813 p.
270 2738 404 2815 142,15
427 2736 485 2796 sed
512 2738 583 2795 ante
611 2737 651 2795 ad
672 2736 886 2810 Hispanienses
912 2735 1003 2794 habet
1025 2735 1058 2812 L,
1086 2735 1165 2795 male

368 2845 424 2884 om.
447 2826 477 2884 N

220 2934 249 2990 p.
271 2915 344 2992 146,
364 2917 403 2973 21
427 2915 488 2987 fnit
509 2915 580 2972 ente
602 2914 770 2987 mediasqne
788 2932 845 2973 om.
864 2913 898 2990 L,
920 2913 999 2971 msle
1022 2912 1114 2971 habet
1136 2911 1165 2969 N

219 3023 248 3080 p.
271 3005 342 3078 154,
367 3004 385 3061 2
409 3019 507 3062 ornnes
524 3020 617 3061 nnnm
633 3004 667 3061 in
678 3004 844 3076 prinoipem
861 3001 887 3059 L
910 3018 1110 3060 onmesnsnsm
1131 3003 1165 3059 in

368 3082 412 3172 (3.
432 3109 447 3150 s
470 3110 562 3166 snpra
583 3109 701 3152 versum
725 3111 764 3151 m.
785 3085 828 3168 2.)
847 3091 1012 3164 prinoipem
1034 3089 1064 3148 N
1086 3091 1164 3149 male

220 3201 248 3257 p.
271 3182 381 3258 160,5
406 3182 542 3254 anamnesis
569 3181 657 3240 dnces
683 3180 707 3238 L
736 3181 871 3253 qnamnis
898 3180 1001 3239 deinde
1027 3179 1057 3238 N
1086 3179 1165 3238 mele

220 3289 249 3345 p.
271 3273 343 3347 160,
363 3273 381 3330 9
400 3288 462 3344 par
497 3271 642 3343 ntrimpne
677 3270 833 3328 discrimen
863 3268 888 3327 L
919 3287 981 3343 par
1011 3271 1165 3341 ntrmnqne

367 3360 523 3418 discrimen
544 3359 574 3417 N
596 3359 675 3417 male

220 3467 249 3523 p.
270 3449 343 3525 169,
364 3451 402 3506 11
437 3450 548 3508 dabant
583 3448 665 3522 aipes
695 3447 720 3505 L
757 3447 838 3520 alpes
869 3446 898 3505 N
934 3447 1013 3506 mele
1053 3446 1163 3506 omisso
