2436 3826
490 193 516 261 I,
536 195 569 247 38
589 192 652 261 (111,
670 194 704 261 3).
1063 191 1106 256 93

43 364 46 370 “
89 375 197 437 pugna,
244 375 313 416 nam
340 375 408 416 cum
435 359 527 417 missa
555 358 591 417 ad
614 356 739 417 Marium
768 357 913 435 legatione
937 357 1103 418 libertatem

41 464 44 468 “
92 465 127 506 ac
151 445 350 506 sacerdotium
371 463 431 504 non
451 447 653 524 inpetrassent
667 480 710 488 —
724 464 780 506 nec
799 447 843 505 fas
863 453 926 506 erat
941 480 992 526 —,
1016 447 1105 506 sulfo-

91 536 166 595 catis
190 533 331 612 elisisque
350 536 462 613 passim
481 534 644 594 infantibus
664 537 726 594 suis
746 541 796 594 aut
815 537 929 594 mutuis
949 535 1105 594 concidere

90 621 265 684 vulneribus
289 629 340 682 aut
361 622 479 683 vinculo
503 641 519 683 e
543 622 676 683 crinibus
701 625 764 683 suis
788 623 865 683 facto
889 621 924 682 ab
949 621 1105 683 arboribus

64 713 230 790 oiugisque
253 710 455 790 plaustrorum
477 712 693 791 pependerunt.
734 711 856 771 Boiorix
880 730 932 771 rex
955 713 987 771 in
1010 713 1105 790 prima
1126 722 1173 770 18·

91 802 156 861 acie
178 799 324 860 dimicans
347 802 463 879 inpigre
486 818 542 860 nec
565 799 678 860 inultus
702 800 848 860 occubuit.

180 888 280 948 Tertia
308 887 520 966 Tigurinorum
547 907 666 968 manus,
698 907 772 967 quae
800 890 886 968 quasi
913 890 945 949 in
972 887 1106 948 subsidio

90 975 217 1037 Noricos
244 977 395 1036 insederat
418 976 535 1055 Alpium
563 977 709 1058 tumulos,
737 980 768 1036 in
797 978 913 1037 diversa
940 976 1016 1056 lapsi
1039 978 1107 1055 fuga

91 1064 217 1144 ignobili
245 1073 275 1125 et
302 1064 467 1125 latrociniis
490 1069 618 1126 evanuit.
663 1066 742 1126 bunc
766 1073 829 1126 tum
853 1065 963 1127 laetum
986 1073 1106 1145 tamque
1128 1078 1159 1126 19

51 1167 78 1206 10
92 1153 210 1214 felicem
237 1154 379 1213 liberatae
406 1153 507 1214 ltaliae
536 1155 706 1233 adsertique
735 1157 854 1234 imperii
881 1157 1018 1216 nuntium
1047 1174 1107 1216 non

91 1261 146 1323 per
167 1243 318 1323 homines,
341 1249 375 1302 ut
399 1242 525 1323 solebat,
547 1242 578 1303 P.
602 1242 635 1303 R.
660 1246 787 1323 aceepit,
812 1244 864 1303 sed
887 1262 942 1322 per
966 1247 1057 1325 ipsos,
1080 1245 1107 1304 si

92 1330 216 1392 credere
245 1331 289 1390 fas
318 1338 377 1411 est,
406 1331 485 1391 deos.
533 1334 642 1410 quippe
666 1332 770 1392 eodem
795 1332 842 1391 die
867 1351 926 1410 quo
950 1340 1032 1410 gesta
1056 1351 1105 1392 res
1126 1343 1160 1391 20

92 1426 139 1480 est
165 1421 222 1480 visi
249 1437 303 1498 pro
333 1420 404 1479 aede
432 1418 561 1480 Pollucis
589 1427 619 1480 et
647 1420 778 1480 Castoris
806 1422 929 1480 iuvenes
958 1419 1105 1480 laureatas

90 1510 223 1587 praetori
254 1508 368 1568 litteras
401 1508 484 1590 dare,
517 1509 717 1587 frequensque
745 1510 777 1568 in
805 1508 974 1587 spectaculo
1002 1526 1105 1568 rumor

50 1608 77 1648 15
92 1598 232 1657 victoriae
248 1596 423 1656 Cimbricae.
447 1616 488 1653 e*
512 1592 685 1656 ‘feliciterl'
704 1597 787 1656 dixit.
820 1615 878 1674 quo
894 1597 965 1675 quid
980 1596 1105 1656 admira·
1125 1608 1158 1655 21

90 1684 195 1766 bilius,
229 1685 300 1764 quid
332 1687 479 1763 insignius
512 1687 578 1745 fieri
609 1682 730 1763 potest?
776 1687 885 1763 quippe
917 1684 996 1744 velut
1031 1685 1106 1745 elata

91 1772 242 1834 montibus
280 1776 344 1834 suis
376 1773 468 1833 Roma
507 1773 675 1852 spectaculo
712 1772 783 1832 belli
819 1775 991 1854 interesset,
1029 1775 1107 1852 quod

91 1864 123 1922 in
160 1862 334 1940 gladiatorio
371 1880 494 1923 munere
531 1863 598 1922 fieri
632 1861 722 1942 solet,
760 1879 819 1922 uno
853 1862 1017 1940 eodemque
1045 1881 1107 1922 mo-

93 1957 207 2031 mento,
239 1969 308 2010 cum
339 1952 372 2010 in
404 1953 468 2010 acie
496 1950 610 2010 Cimbri
643 1949 885 2032 succumberent,
916 1951 1044 2030 populus
1077 1954 1108 2011 in

52 2052 80 2093 2⁰
96 2038 171 2100 urbe
194 2038 360 2118 plaudebat.

167 2269 181 2315 1
205 2279 269 2315 eum
296 2261 383 2316 missa
410 2265 484 2331 (cum
511 2280 540 2315 m
567 2271 715 2318 correctum
742 2281 775 2318 ex
802 2266 908 2333 pugna)
932 2265 960 2317 B
987 2263 1109 2318 comissa

57 2388 61 2393 ,
95 2336 153 2402 (um
170 2350 257 2402 supra
273 2336 298 2402 o)
313 2333 339 2387 L
356 2336 360 2402 l
376 2332 548 2403 legationem
561 2334 588 2387 L
601 2336 611 2404 f
625 2339 640 2386 2
655 2333 855 2404 impetrassent
868 2335 929 2390 BL
944 2341 948 2400 1
965 2334 1044 2388 nefas
1059 2336 1086 2389 L
1100 2336 1109 2405 lj

95 2403 235 2457 3mutuis
259 2406 284 2473 (s
307 2406 425 2460 inseruit
446 2423 480 2459 m.
500 2407 528 2473 1)
546 2405 574 2459 Β
596 2407 606 2475 ΙΙ
628 2411 646 2458 4
665 2422 683 2459 a
705 2423 784 2461 erosa
804 2413 868 2461 eote
887 2422 902 2459 e
920 2406 948 2459 Β
973 2408 978 2474 Ι
1003 2405 1039 2459 ab
1058 2423 1108 2461 orn.

94 2475 122 2528 B
146 2477 155 2544 ΙΙ
178 2475 407 2556 spoponderunt
430 2477 522 2545 (prior
544 2494 563 2544 p
586 2483 706 2532 correcta
728 2495 762 2532 ec
784 2479 813 2546 q)
836 2477 864 2531 Β
889 2478 893 2544 Ι
918 2476 1026 2530 Boleris
1049 2477 1111 2530 BL

95 2546 133 2599 bo
152 2545 234 2600 olens
253 2549 386 2616 (priorem
410 2549 579 2615 eexpumcit
596 2552 662 2602 m.1
682 2554 707 2602 et
726 2550 755 2617 2)
774 2548 809 2601 N
825 2549 829 2615 Ι
849 2545 941 2627 prima
959 2564 1009 2602 one.
1027 2547 1050 2602 0
1066 2550 1110 2617 ilc

97 2615 235 2671 occiditur
253 2618 281 2672 Β
300 2619 309 2687 f
328 2622 344 2672 8
362 2616 474 2672 noricus
493 2619 522 2670 Β
538 2620 542 2686 Ι
558 2617 697 2672 insiderat
710 2619 737 2672 L
753 2622 757 2686 1
774 2616 864 2686 elaps1
881 2618 909 2671 B
929 2617 1027 2685 elapsa
1044 2619 1109 2671 Iale-

95 2687 282 2757 uiuslfugae
301 2690 327 2757 (e
345 2689 477 2758 erasalB
494 2690 504 2757 ll
523 2694 539 2741 9
558 2688 721 2758 etOeBll
738 2694 769 2742 10
785 2687 1004 2755 assertiqneLll
1019 2692 1051 2739 12
1066 2687 1110 2741 fas

97 2761 141 2811 est
164 2757 302 2813 sieredere
320 2759 348 2813 Β
366 2759 411 2813 fas
429 2761 474 2812 est
491 2758 532 2812 sie
551 2758 665 2813 credere
683 2760 717 2814 L.
734 2759 892 2829 Speoqela'us
911 2757 936 2811 si
954 2760 1004 2813 del.
1020 2758 1109 2827 Saup-

92 2828 481 2968 rialleutlure
495 2827 1111 2971 statueranaiturnl,tl

99 2967 257 3024 Cimbricae
285 2971 413 3027 locmecm
439 2975 539 3028 statuit
564 2974 696 3040 Iahnius,
727 2989 789 3028 eoce
817 2971 995 3025 subclamans
1023 2972 1112 3039 esplet

98 3040 244 3109 Halmius,
265 3042 312 3095 sed
325 3043 412 3112 pluero
430 3045 517 3098 deesse
532 3049 611 3112 potet
635 3044 638 3111 Ι
663 3049 727 3098 eote
744 3041 866 3096 feliciter
883 3044 963 3098 cerba
982 3041 1057 3110 quod
1077 3073 1110 3081 -

100 3111 172 3167 solet
186 3113 268 3180 percit
286 3112 403 3168 Ialmies
420 3115 430 3184 ΙΙ
450 3119 483 3167 16
500 3115 613 3183 poteest
630 3115 658 3167 B
676 3116 685 3183 ll
706 3119 737 3167 19
757 3113 870 3168 cimbris
889 3113 922 3166 N
937 3112 1045 3182 cymbri
1061 3113 1088 3166 L
1105 3112 1108 3183 l

99 3183 314 3237 succumberent
332 3184 423 3253 (prior
441 3201 456 3239 c
474 3202 561 3255 sopra
578 3187 694 3254 cereum)
712 3185 741 3239 B
