2436 3826
90 203 155 266 262
538 203 653 255 INDEX

110 380 126 417 e
149 361 269 432 vestigio
292 361 349 415 itur
371 361 402 414 in
425 361 451 416 S.
472 366 571 430 66,11.
645 359 771 416 Corinthi
794 357 907 415 excidio
928 365 979 430 77,
998 366 1026 416 6.
1066 379 1124 432 pro-

114 433 173 488 eius
207 433 346 487 Libanum
381 435 572 502 transgressus
643 432 737 502 posita
762 431 860 502 ingens
887 429 1040 500 Syllanae
1065 451 1123 502 pro·

111 504 261 574 Pompeius
284 509 347 572 100,
363 509 386 558 8.
424 503 454 557 in
476 504 571 558 Arme·
644 502 804 572 scriptionis
822 504 842 556 t.
864 507 996 572 133,19.
1026 503 1122 559 feralis

108 574 571 643 niamCiliciaquuedistractae
642 574 758 629 tabulae
792 571 931 643 profugus
977 574 1121 630 Sertorius

109 646 245 715 reliquiae
269 645 407 701 exercitus
429 645 571 700 Crassiani
644 651 752 715 13411

110 723 232 787 119,10.
272 717 297 772 S.
319 717 411 787 prima
429 717 570 772 Romanos
624 715 797 771 tabulatis
835 713 999 771 adlevatae
1034 735 1120 773 naves

109 789 186 844 victa
204 788 403 858 66116ρί1113,
420 793 461 842 19.
494 787 525 841 16
543 789 569 843 S.
643 786 758 842 Antonii
777 791 887 854 167,13

108 863 138 915 61
156 860 351 914 Macedoniam
376 861 572 913 concesserant
625 858 696 913 citra
714 858 854 930 Tagum,
877 856 930 910 His
956 858 1049 915 aniae
1072 861 1121 914 flu-

109 932 213 984 Brutus
229 933 257 985 et
271 930 382 986 Cassius
399 935 460 999 169,
471 936 494 984 6.
521 930 570 984 ab·
641 929 727 998 vium,
743 928 836 983 omnia
849 944 927 998 popu
942 933 1016 984 atus
1027 931 1119 986 Viria-

110 1002 171 1054 lata
191 1002 217 1055 S.
237 1018 254 1054 a
272 1001 396 1055 Labieno
416 1003 444 1055 et
457 1000 570 1055 Parthis
641 1003 688 1054 tus
707 1006 799 1070 80,12

112 1076 176 1139 164,
197 1076 220 1124 3.
263 1071 289 1124 S.
314 1089 331 1125 a
353 1071 486 1125 Ventidio
510 1072 571 1127 sine
624 1072 662 1126 ad
687 1071 830 1141 Tanain,
857 1070 1023 1128 terminum
1053 1091 1119 1144 geu-

110 1141 186 1195 bello
214 1144 326 1210 recepta
355 1147 418 1211 164,
449 1149 489 1198 19.
537 1161 571 1198 66
641 1142 721 1212 tium,
741 1141 819 1197 venit
837 1141 978 1198 Lucullus
1000 1151 1081 1215 95,4

109 1214 223 1282 repente
251 1212 350 1267 relicta
374 1213 514 1267 Antonius
540 1214 571 1268 in
624 1213 808 1282 Tanaquil,
854 1229 924 1267 uxor
974 1215 1117 1286 Tarquini

108 1284 228 1338 Parthos
242 1283 379 1354 impetum
393 1284 463 1339 facit
474 1290 533 1355 166,
545 1292 569 1340 3.
641 1284 738 1354 Prisci,
758 1283 885 1340 Servium
899 1283 1035 1342 Tullium
1051 1290 1116 1344 edu-

111 1355 186 1410 idem
204 1355 234 1409 in
253 1372 316 1410 eam
331 1356 456 1426 perfugit
470 1361 529 1425 166,
545 1362 570 1412 9.
642 1358 756 1410 caverat
775 1360 866 1424 19,19

110 1427 140 1481 in
172 1443 206 1481 ea
238 1426 265 1482 C.
298 1427 417 1496 Caesar,
449 1427 571 1497 Augusti
624 1425 961 1482 Tarcondimotusin
981 1431 1117 1499 partibus

108 1515 209 1568 nepos,
237 1515 271 1552 ex
298 1499 410 1553 volnere
439 1498 571 1552 occubuit
642 1497 757 1568 Pompei
778 1502 885 1567 139,19

112 1575 170 1638 177,
186 1575 202 1622 8
624 1567 1117 1628 Tarentinaedeliciaeintrium·

92 1640 233 1708 Syriaco
247 1639 322 1694 bello
338 1640 472 1694 successit
485 1642 569 1695 Aeto·
641 1640 697 1709 pho
707 1639 860 1695 Tarentino
874 1645 974 1709 36,17.
1003 1644 1117 1699 bellum

109 1711 195 1764 licum
214 1716 313 1780 67,19,
345 1711 570 1782 Gallograeciam
642 1712 672 1764 T.
692 1711 810 1765 victoria
830 1709 985 1781 multiplex
1004 1718 1116 1785 31,13.

110 1783 136 1837 S.
147 1781 216 1836 belli
229 1781 311 1835 ruina
323 1782 466 1836 convolvit
476 1787 517 1852 68,
529 1789 569 1838 13.
642 1784 728 1850 caput
752 1781 822 1837 belli
847 1784 944 1836 contra
970 1783 1118 1854 Pyrrhum

641 1851 787 1907 Tarentini
797 1859 839 1922 31,
851 1857 892 1907 16.
911 1854 1001 1909 multi
1013 1860 1118 1929 populi

111 1853 185 1907 aliae
202 1852 331 1921 aliaeque
345 1856 443 1923 gentes
459 1854 484 1908 S.
500 1853 570 1908 belli

641 1940 692 1993 pro
719 1923 755 1977 iis
785 1924 997 1996 consurgebant
1023 1931 1118 1986 omni.

110 1926 241 1978 secuntur
257 1924 368 1979 ruinam
387 1930 429 1994 69,
446 1930 479 1979 16

94 1995 215 2064 Syriae
244 1995 328 2049 deae
352 1995 447 2049 Eunus
476 2012 569 2050 comas

111 2067 201 2120 iactat
220 2071 329 2133 125,12

92 2137 204 2205 Syrtis
236 2136 311 2190 bello
343 2136 448 2191 Punico
480 2137 570 2206 primo

109 2208 237 2260 Romana
251 2206 348 2260 classis
361 2207 510 2276 naufragio
522 2225 570 2262 suo

109 2275 238 2344 implevit
256 2282 298 2344 47,
314 2282 338 2331 9.
376 2277 499 2344 Syrtium
525 2295 570 2331 ac-

111 2346 187 2401 colas
214 2347 357 2427 Augustus
386 2346 470 2401 Cosso
501 2348 571 2403 duce

111 2419 282 2486 compescuit
303 2422 362 2486 176,
379 2422 410 2472 18

93 2491 197 2558 Syrus
229 2490 385 2558 Mazzares,
423 2490 571 2563 transfuga

110 2560 258 2614 simulatus
274 2566 332 2630 111,
350 2567 390 2616 18.
420 2561 446 2616 S.
466 2561 570 2633 Eunus,

111 2649 252 2687 servorum
271 2632 327 2685 dux
346 2639 406 2702 196,
422 2640 456 2687 10

94 2775 280 2832 Tabernas
299 2775 377 2830 urbis
396 2776 571 2857 argentarias

110 2846 254 2900 Hannibal
263 2847 363 2901 hastae
373 2847 494 2902 subiecit
504 2854 546 2918 60,
556 2853 571 2902 7

93 2917 124 2971 in
137 2917 277 2971 tabulas
291 2920 356 2986 post
370 2918 497 2972 Servium
506 2919 572 2973 Tul-

110 2988 181 3041 lium
199 2988 356 3042 referuntur
375 2989 468 3044 omnia
484 2990 572 3059 patri-

111 3059 199 3114 monii
207 3058 356 3130 dignitatis
364 3060 467 3114 aetatis
476 3061 572 3115 discri-

643 1995 751 2063 busque
771 1994 967 2050 vehementior
984 1998 1117 2068 Pyrrhus

643 2071 747 2135 39,13.
785 2066 816 2120 T.
839 2065 961 2120 victoria
984 2073 1119 2128 ostendit

642 2137 741 2207 populi
764 2137 885 2192 Romani
909 2137 1118 2200 fortitudinem

643 2214 739 2277 3418.
771 2208 846 2263 bello
865 2208 896 2263 T.
915 2212 1044 2280 populus
1060 2218 1117 2272 Ro-

642 2296 742 2332 manus
758 2280 910 2333 maximam
923 2285 1042 2350 partem
1057 2288 1117 2342 Ita-

642 2349 699 2404 liae
719 2350 832 2421 subegit
850 2355 892 2420 36,
911 2355 943 2405 91

624 2420 791 2476 Tarentos
805 2421 952 2476 Calabriae
963 2429 1118 2492 quondam

643 2495 672 2546 et
699 2491 819 2562 Apuliae
846 2493 992 2561 totiusque
1021 2497 1118 2555 Luca-

642 2563 707 2617 niae
735 2566 820 2634 caput
848 2570 897 2633 31,
922 2569 965 2620 19.
1005 2567 1115 2625 descri-

642 2634 720 2689 bitur
748 2640 795 2701 32,
820 2642 843 2690 1.
885 2638 950 2705 post
978 2636 1011 2693 T.
1042 2643 1097 2710 qui

643 2706 760 2759 auderet
782 2706 885 2760 Italia?
908 2712 951 2775 37,
967 2713 992 2763 3.
1031 2710 1114 2767 Han·

643 2776 724 2830 nibal
755 2777 858 2831 maluit
888 2776 991 2833 relicta
1017 2780 1115 2838 Roma
1145 2778 1148 2785 ’

644 2847 828 2918 Campaniam
846 2848 934 2918 Tque
978 2866 1116 2924 eragrare

644 2924 723 2988 66,9.
751 2919 803 2973 sub
821 2921 906 2975 finem
923 2921 959 2975 be
987 2921 1116 2981 ‘Punici

644 2990 760 3044 secundi
783 2990 920 3046 Tarentus
944 2992 983 3046 ad
1006 2994 1115 3053 Roma-

643 3079 695 3116 nos
713 3061 837 3116 redierat
855 3069 898 3132 69,
913 3068 929 3116 6

111 3130 572 3202 mina13,6.tabulaeintriumpho
626 3150 676 3202 per
694 3133 875 3202 Tarpeiam
897 3133 1039 3204 virginem
1063 3140 1116 3195 Sa-

113 3201 265 3256 Tarentino
276 3207 369 3271 36,16.
399 3203 529 3258 ordinata
543 3204 573 3258 in
644 3204 718 3258 binis
743 3206 842 3275 portae
865 3205 996 3276 proditae
1015 3213 1047 3278 8,
1069 3217 1115 3268 12.

111 3273 164 3327 XII
191 3274 211 3327 t.
236 3275 297 3327 tota
324 3272 435 3326 iustitia
464 3280 572 3343 39,1t.
647 3275 745 3330 Sabini
772 3292 834 3330 eam
862 3276 960 3347 clipeis
990 3280 1116 3338 obruere

112 3348 133 3400 t.
161 3343 209 3399 vix
237 3343 383 3413 suffecere,
417 3361 480 3398 cum
509 3349 574 3416 post
647 3351 721 3415 8,14

114 3415 225 3470 Cannas
252 3414 427 3485 privatorum
453 3433 519 3486 opes
544 3417 575 3472 in
628 3417 836 3487 Tarquinios
855 3437 941 3473 manu
954 3422 1117 3481 reducebat

107 3486 257 3556 publicum
286 3486 459 3542 deferrentur
482 3494 529 3560 66,
549 3495 574 3544 9.
646 3489 788 3544 Porsenna
813 3497 854 3559 17,
875 3495 898 3545 9.
929 3492 1034 3548 ‘Latini
1063 3513 1115 3552 eos

101 3562 119 3614 1,
152 3558 306 3630 proiectae
336 3578 353 3616 a
382 3559 521 3618 Mummio
549 3561 584 3616 in
655 3560 951 3624 666616666118,16,
980 3566 1047 3615 tam
1064 3568 1120 3622 <rm
