2436 3826
85 163 162 218 XXX
392 163 595 214 PRAEFATIO
617 162 786 213 EDITORIS

87 330 303 399 Gamaaicaaa,
323 331 348 388 b.
369 329 561 397 Gaetulicam,
581 330 605 388 b.
624 325 822 396 Armeniacae,
844 329 868 386 b.
890 327 1100 389 Oaatabricwm

86 418 313 487 etAstarioam,
337 436 402 492 aaa
424 418 602 477 Partboriaa
625 421 651 476 et
673 418 847 476 consecratio
869 410 1020 499 Aayacti),
1044 419 1099 478 sed

86 510 179 568 etiam
208 508 355 585 quaedam
378 506 505 566 licenter
527 506 713 566 immutavit:
749 506 817 566 Π6
842 507 895 566 ubi
918 509 1023 566 bellam
1046 509 1099 566 ad·

88 617 190 663 ocreas
212 600 303 657 socios
326 594 407 673 quod
430 596 454 654 B
477 596 569 655 habet
592 614 659 654 cum
683 594 741 672 ipsi
765 595 828 654 sine
851 596 942 656 verbo
964 597 1099 672 positum

87 688 304 769 displicuisset,
333 703 497 761 pronomen
524 683 687 744 relativum
716 687 747 743 et
771 688 884 758 pastam
911 689 952 745 est
978 686 1099 762 adiecit,

88 779 280 858 quamquam
294 775 386 851 paulo
409 773 535 832 inferius
556 772 669 831 similes
687 773 896 849 inscriptiones
915 774 946 833 H
967 776 1095 834 18-22

87 868 192 925 tetiam
215 884 280 927 cara
302 863 385 923 Scato
403 863 547 936 Hamae,
572 863 596 920 b.
615 861 785 921 Parthicam
807 865 861 922 sab
885 863 1016 923 Ventidio
1035 881 1097 940 eqs.

87 973 210 1013 securus
246 951 459 1027 transscripsit.
509 969 569 1009 non
603 951 732 1010 multum
766 951 866 1010 differt
898 952 978 1028 quod
1009 952 1024 1011 I
1053 955 1095 1013 25

83 1039 219 1101 Aetataia
250 1042 282 1099 in
310 1038 471 1105 Aetolicum
501 1041 633 1100 mutavit
666 1041 697 1098 et
724 1040 754 1099 H
779 1042 819 1098 14
847 1060 901 1116 pro
929 1041 1021 1101 titulo
1048 1060 1096 1102 res

82 1133 136 1190 aab
171 1131 297 1190 Caesare
328 1127 461 1208 Aaaasto
491 1129 523 1186 in
555 1128 584 1186 N
617 1127 728 1188 Caesar·
759 1127 911 1203 Aaaastas
942 1129 973 1187 in
1002 1130 1027 1188 L
1061 1132 1097 1190 ate

84 1220 211 1279 Caesare
233 1218 366 1293 Aayasto
389 1217 489 1297 posita
512 1220 591 1277 sunt.

150 1309 242 1368 Patet
255 1327 323 1368 cum
338 1308 472 1384 capitum
485 1307 730 1382 inscriptionibus
744 1306 893 1366 artissime
903 1307 1095 1367 coniunctam

15 1424 29 1452 0
44 1412 148 1457 inesse
172 1398 388 1458 divisionem
413 1397 592 1471 epitomae
614 1396 650 1453 in
673 1396 796 1455 libros.
838 1395 914 1454 inB
938 1397 1017 1455 enim
1036 1398 1095 1456 nisi

0 1477 48 1506 '²⁰⁸
82 1487 158 1546 duos
180 1506 240 1546 non
262 1485 416 1562 babemus,
440 1503 568 1561 quorum
589 1484 672 1559 prior
689 1484 771 1544 bella
790 1488 921 1562 externa,
943 1487 1094 1561 posterior

80 1577 247 1635 danestiaos
269 1579 371 1643 alatas,
395 1577 431 1632 ut
453 1573 563 1636 Florus
584 1573 649 1649 ipse
672 1575 819 1651 appellat,
846 1574 981 1652 Augusti
1003 1575 1093 1635 rebus

79 1666 174 1743 gestis
197 1664 373 1724 terminatos
397 1662 539 1723 continet.
586 1666 691 1722 contra
715 1661 737 1721 O
761 1666 908 1740 quattuor
930 1663 1023 1723 habet
1048 1665 1093 1723 ita

80 1755 245 1830 diremptos
272 1756 310 1812 ut
335 1752 452 1829 primus
474 1770 570 1828 usque
595 1752 634 1813 ad
656 1751 770 1811 bellum
788 1752 938 1810 Punicum
960 1753 1092 1828 primum

79 1843 231 1920 pertineat
257 1833 519 1922 (111==11a),
553 1841 700 1902 secundus
729 1842 767 1899 ad
794 1841 906 1899 bellum
936 1841 1091 1919 iugurthi-

79 1952 153 1991 num
176 1923 457 2013 (1111=136),
487 1931 597 1989 tertius
624 1930 662 1988 ad
685 1930 798 1990 bellurn
821 1929 969 1989 Catilinae
993 1926 1051 2011 (IV
1072 1933 1088 1988 1

80 2047 122 2068 =
137 2021 168 2079 H
189 2011 245 2101 12)
254 2014 286 2100 ¹).
315 2037 444 2096 quarum
463 2018 645 2077 divisionum
663 2022 733 2077 utra
752 2019 883 2098 genuina
901 2019 941 2078 sit
963 2019 1091 2095 scriptor

79 2110 144 2186 ipse
176 2109 290 2168 indicat
321 2107 461 2166 extremis
497 2105 567 2164 libri
599 2107 724 2165 secundi
755 2107 871 2166 verbis:
916 2109 968 2167 bos
993 2141 1011 2148 -
1033 2140 1051 2148 -
1073 2140 1091 2148 -

79 2200 173 2257 anais
204 2199 370 2257 domestiaos
399 2200 493 2254 nactas
519 2199 703 2268 separatas
730 2196 767 2252 ab
796 2198 919 2254 eataais
949 2199 1090 2271 iastisqae

79 2288 160 2346 bellis
192 2304 226 2346 ea
257 2286 359 2345 ardiae
384 2300 609 2359 paseqacmaa,
645 2285 682 2341 ut
712 2283 804 2340 mirer
834 2284 974 2342 Iahnium
1008 2288 1089 2362 quod

79 2375 210 2435 Titzium
238 2378 360 2435 secutus
390 2374 502 2433 librum
525 2371 709 2450 singularem
732 2389 750 2429 a
773 2371 861 2430 Floro
886 2370 1001 2430 editum
1024 2393 1089 2433 esse

79 2465 143 2524 sine
166 2464 275 2523 idonea
298 2482 389 2524 causa
408 2462 562 2522 contendit
580 2458 621 2537 (p.
640 2452 806 2540 XXXVII).
836 2460 915 2518 unde
934 2465 1036 2519 eutem
1056 2461 1088 2539 O,

78 2554 164 2613 cuius
183 2553 313 2613 novandi
333 2552 468 2612 studium
486 2554 518 2609 et
535 2550 700 2610 sublestam
717 2549 812 2619 fidem·
825 2550 887 2608 iam
904 2549 935 2607 in
951 2550 1086 2626 capitum

150 2761 176 2829 1)
194 2758 336 2813 mentione
359 2774 416 2811 non
440 2755 557 2825 dignum
574 2758 717 2825 putarem,
742 2755 798 2810 nisi
816 2755 931 2810 Iahnius
951 2755 985 2809 de
1005 2772 1039 2809 ea
1057 2773 1087 2810 re

77 2831 188 2885 locutus
212 2832 298 2898 esset,
326 2828 357 2882 in
384 2827 554 2896 quibusdam
582 2826 725 2881 codicibus
749 2826 948 2881 recentissimis
972 2827 1087 2881 initium

77 2902 155 2956 tertii
169 2901 243 2969 libri,
263 2899 312 2969 qui
326 2899 413 2954 estin
427 2898 593 2966 Nazariano,
613 2899 649 2953 ab
669 2898 761 2967 capite
781 2898 896 2951 secundi
911 2898 1010 2953 ultimo
1025 2899 1085 2953 fieri

78 2976 107 3027 et
121 2972 215 3042 quarti
228 2971 343 3026 initium
357 2988 374 3024 a
388 2970 512 3039 secundi,
527 2969 639 3038 qualem
653 2969 868 3039 Bambergensis
883 2970 977 3038 habet,
994 2970 1086 3038 capite

77 3044 175 3114 primo.
237 3060 298 3097 orro
321 3041 353 3095 in
376 3041 507 3096 Leidensi
529 3041 589 3096 Lat.
612 3047 644 3094 19
669 3043 797 3095 cartaceo
824 3041 871 3095 fol.
897 3040 1002 3095 saeculi
1026 3041 1084 3107 XV,

77 3133 159 3185 quem
206 3115 271 3169 ''ae
294 3112 432 3183 inspicere
455 3112 549 3179 licuit,
573 3112 696 3180 quinque
719 3112 790 3166 adeo
809 3111 875 3166 libri
894 3113 1084 3177 numerantur,

77 3205 195 3255 quorum
214 3186 352 3241 secundus
371 3183 473 3253 incipit
491 3184 527 3237 ab
545 3184 558 3236 Ι
577 3189 606 3251 3,
624 3183 724 3236 tertius
744 3184 780 3237 ab
800 3184 813 3236 I
832 3189 879 3252 18,
899 3185 1016 3251 quartus
1036 3180 1084 3249 qui

76 3257 240 3312 inscribitur
258 3259 302 3312 De
320 3259 399 3311 uitiis
416 3272 591 3310 roanaaoram
609 3261 634 3308 et
652 3256 683 3308 de
700 3257 783 3308 tertia
801 3261 869 3308 etate
888 3254 924 3307 ab
943 3253 956 3305 I
975 3259 1021 3321 34,
1043 3259 1084 3320 18,

77 3329 191 3396 quintus
220 3330 256 3383 ab
279 3329 305 3382 H
325 3335 348 3382 1.
386 3325 493 3380 ultimis
522 3327 617 3379 autem
644 3323 783 3392 epitomae
808 3322 901 3377 verbis
924 3322 994 3377 haec
1019 3325 1084 3377 sub-

76 3399 182 3469 scripta
200 3402 277 3454 sunt:
311 3400 395 3454 Lacii
417 3399 501 3452 amici
521 3398 584 3465 {tori
605 3397 721 3464 epitecto
738 3397 770 3450 ia
792 3395 882 3448 Titum
901 3396 1000 3448 liciam
1019 3397 1085 3450 liber

71 3473 188 3538 quintas
214 3479 239 3526 et
266 3472 382 3525 citimus.
427 3469 537 3522 Daciae
564 3468 598 3521 ab
625 3468 773 3537 exemplari
800 3467 905 3520 doiniai
929 3465 1085 3534 Gaiaiforti

54 3540 195 3606 fferfflffll
213 3541 308 3595 ΒΕΘ
325 3539 509 3596 GRATIAS
522 3537 656 3595 AMEN.
754 3607 761 3622 .
