2436 3826
138 200 181 262 14
500 200 611 251 rnonr
628 200 789 252 neironis

136 374 169 428 ut
196 366 342 447 voluerat,
369 373 490 446 recepto
520 373 549 426 et
572 384 626 444 per
649 367 770 425 nuntios
794 365 961 425 consulenti
989 364 1060 443 quid
1083 367 1155 427 lieri

136 454 232 536 vellet,
256 457 417 515 eminentia
440 455 516 515 forte
539 472 719 534 papaverum
740 456 836 532 capita
854 453 967 532 virgula
986 456 1155 537 excutiens,

136 562 203 604 cum
226 563 281 622 per
303 543 360 605 hoo
383 542 605 604 interficiendos
630 561 695 602 esse
719 545 870 621 principes
893 541 982 602 vellet
1006 542 1153 625 intellegi,

136 635 221 711 quasi
244 632 383 712 superbia
405 632 516 711 sileret,
538 630 694 710 respondit
712 638 819 691 tamen.
857 631 894 690 de
913 630 1061 692 manubiis
1081 651 1153 712 cap·

99 728 233 787 starum
255 720 376 782 urbium
399 719 543 799 templum
567 722 670 780 erexit.
717 719 796 798 quod
820 738 888 780 cum
910 722 1151 802 inauguraretur,
1178 740 1192 783 1

135 809 310 870 cedentibus
344 812 453 870 ceteris
486 809 544 869 diis
572 842 615 850 —
643 810 719 868 mira
750 827 799 868 res
833 808 915 869 dictu
938 841 981 850 —
1009 811 1152 871 restitere

98 896 271 964 oluventas
299 905 329 958 et
351 892 518 958 Terminus.
563 896 675 975 placuit
702 896 818 957 vatibus
842 899 1027 958 contumacia
1049 901 1150 958 numi-

133 1004 215 1068 num,
239 989 265 1046 si
285 987 406 1066 quidem
424 987 509 1046 firma
528 988 626 1045 omnia
645 992 675 1046 et
693 992 813 1046 aeterna
831 985 1056 1064 pollicebantur.
1094 988 1151 1047 sed

133 1074 207 1135 illud
234 1075 418 1155 horrentiuS,
444 1075 522 1153 quod
551 1072 741 1134 molientibus
765 1073 868 1134 aedem
891 1075 923 1133 in
946 1074 1150 1150 tundamentis

132 1164 294 1224 humanum
330 1170 484 1242 repertum
521 1170 566 1223 est
602 1169 698 1241 caput.
748 1180 804 1223 nec
841 1162 1013 1224 dubitavere
1046 1166 1191 1224 cunctim

132 1259 298 1312 monstrum
317 1251 552 1330 pulcherrimum
571 1253 690 1329 imperii
709 1251 811 1311 sedem
830 1258 978 1330 caputque
996 1258 1149 1313 terrarum

81 1357 113 1406 10
132 1343 315 1420 promittere.
365 1348 426 1400 tam
459 1340 511 1400 diu
544 1338 714 1418 superbiam
745 1342 825 1417 regis
857 1338 985 1419 populus
1011 1338 1044 1399 R.
1077 1358 1149 1418 per·

95 1478 101 1489 .
131 1448 238 1508 pessus
270 1436 329 1509 est,
366 1428 460 1488 donec
493 1427 594 1488 aberat
625 1427 730 1508 libido,
766 1428 842 1488 banc
875 1447 911 1488 ex
943 1427 1046 1488 liberis
1068 1430 1148 1512 eius

80 1535 111 1582 11
131 1519 377 1596 inportunitatem
409 1517 536 1577 tolerare
568 1534 628 1576 non
660 1519 765 1594 potuit.
812 1535 940 1595 quorum
971 1535 1040 1577 cum
1070 1515 1148 1578 alter

131 1609 337 1667 ornatissimae
357 1606 484 1666 feminae
500 1605 660 1666 Lucretiae.
676 1613 812 1683 stuprum
831 1604 990 1685 intulisset,
1008 1611 1189 1667 matronam

130 1695 259 1755 dedecus
283 1696 363 1755 ferro
387 1696 523 1775 expiavit,
547 1696 706 1774 imperium
729 1693 851 1771 regibus
875 1693 1056 1772 abrogatum.

213 1960 247 2021 11.
284 1912 622 2020 maurobaccus
645 1958 693 2018 nu
717 1957 865 2018 snrruu
888 1957 1055 2019 nncrnvs

94 2103 113 2167 8
200 2101 279 2162 Haec
314 2107 360 2160 est
391 2103 488 2179 prima
521 2107 601 2160 aetas
623 2100 735 2180 'populi
766 2098 800 2159 R.
829 2106 858 2159 et
891 2101 976 2178 quasi
1008 2100 1145 2182 infantia,

128 2209 217 2269 quam
249 2188 352 2249 habuit
385 2188 440 2248 sub
472 2188 592 2266 regibus
625 2196 752 2268 septem,
786 2188 912 2266 quadam
939 2189 1067 2248 latorum
1095 2191 1144 2249 in-

128 2278 242 2339 dustria
265 2284 325 2337 tam
348 2279 438 2336 variis
461 2278 581 2355 ingenio
600 2285 633 2337 ut
652 2280 697 2337 rei
715 2296 742 2356 p.
763 2279 839 2336 ratio
859 2284 889 2337 et
907 2277 1020 2337 utilitas
1038 2284 1145 2356 postu·
1158 2294 1188 2336 ao

92 2367 214 2433 alabat.
260 2384 329 2426 nam
361 2364 432 2444 quid
458 2364 583 2425 Romulo
616 2361 793 2426 ardentius?
824 2364 875 2425 tali
904 2383 979 2444 opus
1007 2365 1076 2446 tuit,
1109 2373 1146 2428 ut

197 2574 219 2626 I
233 2578 245 2624 1
267 2573 394 2641 receptos
409 2573 443 2625 N
452 2574 462 2637 Ι
476 2578 491 2624 2
511 2570 617 2626 circula
630 2571 658 2624 Β
674 2574 678 2640 Ι
695 2570 818 2625 excussit
836 2573 932 2640 (supra
951 2569 1003 2626 ssit
1016 2571 1145 2640 positum

125 2643 209 2713 tiens)
228 2643 256 2696 L
270 2647 284 2712 l
305 2648 321 2697 3
341 2642 550 2697 interficiendus
569 2646 601 2696 111
618 2641 826 2696 interficiendos
845 2648 910 2697 mot.
926 2643 960 2695 N
964 2642 973 2672 ¹
989 2645 993 2709 Ι
1008 2641 1144 2714 intellegi

124 2715 212 2770 uellet
225 2715 259 2768 N
274 2713 398 2784 intelligi
416 2713 504 2768 uellet
518 2713 545 2767 L
557 2715 567 2782 ΙΙ
581 2720 598 2766 4
617 2729 675 2781 qua
692 2712 721 2767 A
740 2730 802 2781 quae
823 2712 855 2768 O:
874 2715 994 2768 correxit
1009 2713 1120 2769 Pilatus
1137 2715 1142 2783 Ι

125 2786 258 2841 suberbia
280 2787 314 2840 N
336 2788 339 2855 Ι
365 2785 406 2838 sic
428 2784 494 2839 Ae:
524 2786 643 2840 corrosit
670 2784 817 2853 Haaptr'us
840 2787 931 2866 [post
954 2783 1102 2853 respondit
1125 2786 1150 2839 I

124 2860 187 2914 odd.
207 2859 239 2911 ut
258 2857 405 2911 senserant
418 2861 427 2924 Ι
442 2862 457 2910 5
477 2855 655 2909 inauraretur
668 2856 695 2908 L
708 2858 717 2922 Ι
731 2859 747 2907 6
766 2855 801 2909 de
820 2855 864 2908 lus
879 2855 913 2909 N
925 2855 929 2927 Ι
945 2853 1096 2908 resdicitnr
1115 2858 1141 2926 (s

123 2931 241 2984 inseruit
262 2946 296 2983 m.
320 2928 394 2996 cod.)
418 2926 545 2980 extitisse
560 2957 566 2967 ·
581 2942 625 2980 res
649 2925 746 2981 stitero
765 2926 793 2979 Β
815 2942 860 2980 res
884 2925 988 2980 dieitur
1010 2923 1144 2980 extitisse

122 3000 253 3054 resistere
272 3001 294 3053 I
311 3001 321 3066 Ι
344 3005 359 3052 t
380 2997 583 3052 contumatiam
601 2999 629 3052 Β
650 3001 659 3067 ΙΙ
681 3001 697 3049 9
716 2995 782 3049 illut
800 2999 831 3050 111
849 2996 922 3050 illud
939 3003 1005 3051 111111.
1025 2997 1053 3051 Β
1071 2994 1144 3051 illut

123 3072 156 3126 N
173 3073 178 3139 Ι
199 3068 337 3124 orrentius
356 3071 383 3122 B
410 3068 580 3122 horrendum
599 3069 633 3122 N
655 3068 804 3121 orrendum
823 3069 849 3121 L
865 3071 869 3138 Ι
885 3065 1064 3121 mouentibus
1083 3067 1114 3120 Β
1136 3068 1141 3139 Ι

123 3143 222 3196 aedem
240 3141 267 3195 L
290 3140 371 3195 edem
389 3141 411 3193 I
425 3140 520 3195 sedem
538 3140 605 3193 BN
623 3144 632 3205 l
654 3144 688 3192 10
706 3140 793 3208 caput
810 3140 952 3207 repertum
970 3139 1015 3192 est
1032 3139 1054 3192 I
1071 3140 1081 3206 Ι
1106 3144 1143 3194 1a

122 3213 233 3267 Tamdiu
252 3212 279 3266 L
295 3214 299 3280 Ι
314 3210 386 3265 recis
404 3213 436 3265 irc
453 3210 528 3280 regis
548 3216 612 3265 111111.
633 3210 667 3264 N
669 3210 679 3240 ²
693 3212 702 3279 ΙΙ
718 3215 750 3263 13
770 3211 870 3263 aderat
883 3210 911 3264 Β
924 3211 933 3278 ΙΙ
949 3214 982 3262 14
1000 3209 1143 3279 importu-

120 3284 242 3338 nitatem
261 3284 288 3336 L
309 3281 514 3351 inportunitate
533 3282 555 3334 I
565 3284 573 3351 ΙΙ
591 3286 621 3334 16
647 3283 721 3334 tum
744 3281 857 3351 regibus
881 3282 910 3350 (g
928 3298 1015 3351 sopra
1032 3297 1143 3336 1111111111

120 3373 155 3410 m.
168 3358 198 3424 2)
214 3355 248 3409 N
264 3353 325 3423 regi
343 3352 370 3406 L
386 3355 390 3422 Ι
407 3355 451 3407 est
464 3358 529 3423 post
548 3352 717 3422 abrogatum
735 3354 799 3408 add.
819 3352 846 3406 L
868 3353 877 3419 Ι
902 3359 933 3406 17
953 3365 1144 3407 arannem-

120 3439 224 3480 nnosrs
242 3426 270 3479 B
288 3437 561 3479 xnxcnrmnnosrs
581 3423 653 3491 ch.
674 3426 796 3493 capitam
814 3425 932 3478 iadicem
948 3426 952 3493 Ι
969 3423 1005 3476 do
1023 3437 1044 3477 n
1059 3423 1092 3477 N
1104 3423 1142 3478 de

116 3510 165 3546 m
182 3496 213 3546 L
231 3499 249 3562 Ι
267 3501 305 3548 18
325 3497 467 3553 new
488 3497 499 3566 Ι
523 3500 555 3549 19
576 3496 769 3565 ο1111111111
789 3497 879 3564 posito
901 3496 969 3563 tem)
993 3493 1020 3547 L
1045 3494 1049 3562 Ι
1074 3501 1143 3550 onte

94 3561 228 3622 quadam
246 3566 275 3615 I
288 3568 354 3622 adet
373 3584 430 3640 per
449 3583 542 3623 annos
562 3570 595 3622 ut
615 3565 740 3622 diximus
759 3568 948 3636 ouxnmtat
962 3562 1069 3616 romola
1088 3565 1109 3617 1
