2436 3826
241 829 262 890 1.
298 831 322 889 a
345 828 498 890 nonvio
522 809 698 890 rumoni
721 828 850 889 nnovn
873 828 1028 890 suumn.

193 989 324 1068 Populus
337 988 487 1050 Romanus
505 1007 520 1049 a
534 1007 605 1068 rege
619 988 744 1050 Romulo
759 992 791 1049 in
805 989 961 1051 Caesarem
975 991 1140 1070 Augustum

126 1081 332 1157 septingentos
354 1095 410 1156 per
432 1096 525 1138 armos
548 1084 664 1138 tantum
683 1096 807 1157 operum
825 1096 898 1157 pace
917 1078 1055 1158 belloque
1075 1098 1139 1159 ges-

126 1169 179 1247 sit,
206 1174 252 1247 ut,
281 1169 376 1245 siquis
399 1166 634 1245 magnitudinem
657 1169 777 1245 imperii
801 1185 869 1228 oum
890 1171 975 1228 anuis
999 1169 1141 1249 conferat,

98 1262 253 1320 eaetatem
281 1255 359 1315 ultra
386 1262 481 1334 putet.
526 1257 567 1316 ita
594 1255 652 1315 late
679 1274 734 1334 per
762 1255 865 1316 orbem
888 1263 1037 1318 terrarum
1060 1267 1176 1318 armar

127 1343 319 1424 circumtulit,
342 1351 376 1404 ut
399 1346 450 1423 qui
474 1361 523 1404 res
546 1343 627 1404 illius
646 1343 748 1422 legunt
766 1363 827 1405 non
845 1347 935 1405 unius
953 1345 1065 1426 populi,
1089 1345 1141 1406 sed

127 1435 246 1511 generis
273 1433 396 1493 humani
424 1433 499 1493 facta
527 1433 708 1493 condiscant.
753 1440 799 1493 tot
825 1435 856 1493 in
883 1433 1034 1495 laboribus
1062 1436 1141 1512 peri-

127 1521 262 1600 culisque
286 1523 413 1581 iactatus
437 1528 492 1601 est,
515 1528 549 1581 ut
572 1521 607 1581 ad
631 1521 873 1582 constituendum
896 1524 961 1582 eius
982 1524 1141 1601 imperium

127 1610 317 1670 contendisse
340 1609 441 1670 Virtus
469 1616 500 1669 ct
521 1609 653 1670 Fortuna
679 1610 843 1670 videantur.
890 1628 981 1688 quare
1009 1629 1078 1671 cum
1102 1613 1176 1670 si-3

85 1725 112 1764 ro
127 1699 199 1778 quid
232 1698 311 1759 aliud
343 1699 400 1758 hoc
433 1716 551 1777 quoquc
585 1716 691 1777 operae
722 1701 853 1777 pretium
886 1701 925 1758 sit
953 1717 1142 1780 cognoscere,

125 1795 226 1848 tamen
248 1789 317 1866 quia
336 1789 402 1866 ipsa
421 1786 479 1847 sibi
499 1785 597 1848 obstat
613 1787 785 1866 magnitudo
804 1806 965 1866 rerumque
985 1789 1142 1848 diversitas

126 1879 220 1937 aciem
247 1877 423 1936 intentionis
451 1875 613 1957 abrumpit,
642 1876 748 1936 faciam
776 1877 854 1955 quod
883 1876 979 1937 solent
1007 1880 1059 1956 qui
1081 1884 1142 1937 ter-

125 1983 227 2026 rarum
260 1967 335 2025 situs
364 1966 503 2044 pingunt:
536 1967 568 2024 in
597 1963 682 2025 brevi
710 1967 796 2044 quasi
823 1965 930 2026 tabella
957 1968 1142 2027 totam.cius

125 2055 286 2132 imaginem
309 2053 478 2134 amplectar,
500 2071 561 2114 non
581 2053 665 2134 nihil,
688 2061 722 2114 ut
740 2072 837 2134 spero,
861 2055 896 2114 ad
915 2055 1142 2116 admirationem

86 2165 112 2206 15
126 2144 272 2221 principis
294 2141 398 2221 populi
415 2141 605 2223 conlaturus,
629 2145 656 2202 si
677 2145 791 2221 pariter
814 2150 902 2222 atque
926 2144 1052 2204 insemel
1074 2146 1142 2205 uni-

126 2248 242 2291 versam
264 2230 501 2309 magnitudinem
525 2233 590 2292 eius
614 2232 781 2292 ostendero.

195 2318 295 2398 Siquis
325 2337 397 2398 ergo
424 2319 569 2398 populum
596 2318 629 2380 R.
659 2323 743 2401 quasi
773 2339 864 2381 unum
892 2321 1043 2382 hominem
1071 2331 1178 2382 con-4

127 2407 239 2468 sideret
261 2414 413 2486 totamque
438 2410 503 2469 cius
527 2415 653 2469 aetatem
673 2417 857 2490 percenseat,
880 2416 913 2470 ut
932 2413 1072 2491 coeperit,
1095 2418 1141 2471 ut-

126 2514 183 2574 que
217 2495 392 2577 adoleverit,
424 2503 459 2556 ut
490 2499 576 2576 quasi
607 2496 643 2557 ad
677 2498 823 2575 quandam
855 2499 991 2558 iuventae
1026 2499 1142 2577 frugem

84 2607 111 2646 so
124 2586 309 2666 pervenerit,
336 2592 371 2645 ut
397 2591 501 2664 postea
527 2585 608 2646 velut
636 2588 839 2666 consenuerit,
867 2592 1005 2664 quattuor
1032 2587 1141 2665 gradus

198 2743 212 2791 1
233 2750 255 2791 A
272 2751 398 2793 nonuno
414 2769 446 2779 -
461 2752 587 2794 suarum.
608 2755 658 2794 om.
679 2739 703 2794 0
713 2742 722 2809 11
741 2744 757 2792 2
775 2738 891 2792 incaosa
903 2769 908 2779 ·
919 2754 979 2792 rem
997 2739 1024 2793 L
1039 2738 1057 2810 l·
1068 2751 1140 2793 occ·

124 2807 152 2863 L
170 2810 180 2889 l
200 2812 216 2862 δ
235 2807 278 2862 ita
296 2807 372 2862 enim
389 2808 448 2864 lato
466 2810 493 2864 L
511 2809 623 2865 Monac.
642 2809 685 2864 ita
703 2809 779 2864 onim
796 2808 901 2877 ubique
923 2811 1016 2864 Paria.
1036 2813 1112 2866 5802
1132 2810 1140 2881 ΙΙ

124 2886 213 2934 Gerus
230 2877 331 2950 legunt
350 2879 397 2950 0,ss
417 2884 432 2932 7
451 2879 513 2935 fata
530 2881 621 2936 Paris.
642 2886 712 2936 7701
734 2881 807 2936 Voss.
828 2881 912 2936 Rern.
933 2880 1016 2936 Harl.
1039 2882 1042 2948 Ι
1062 2880 1142 2934 facta

124 2949 294 3023 diaconio!
310 2951 386 3018 quod
404 2951 484 3020 (quot
502 2952 535 3005 N
540 2952 560 3020 ²)
578 2950 609 3005 in
627 2951 773 3006 laboribus
791 2952 826 3006 N
840 2952 914 3006 Nam
932 2953 977 3005 tot
993 2950 1140 3007 laboribus

124 3022 151 3076 L
169 3022 261 3076 Paris.
282 3025 358 3077 5802
378 3022 489 3078 Monac.
510 3023 519 3090 l
540 3029 556 3076 9
574 3022 739 3077 uiderentur
756 3023 789 3076 N
805 3021 948 3077 uideretur
965 3023 992 3077 L
1008 3024 1012 3091 Ι
1029 3022 1053 3076 si
1071 3039 1140 3092 prae-

123 3091 213 3162 cipuae
231 3091 286 3146 hoc
304 3108 415 3160 quoquo
431 3093 473 3177 01]
489 3098 521 3146 12
539 3093 631 3148 solent
644 3096 674 3163 (n
686 3110 773 3163 supra
786 3097 902 3164 neroum)
916 3094 950 3148 N
959 3096 969 3164 l
984 3097 1018 3147 13
1031 3093 1141 3147 tabella

123 3164 245 3234 (virgula
264 3181 333 3232 quae
351 3181 380 3216 m
399 3165 539 3234 siqucficat
555 3182 643 3233 supra
656 3167 834 3234 posteriorem
848 3182 866 3219 a
880 3167 969 3233 erasa)
983 3165 1012 3218 B
1027 3167 1031 3235 Ι
1047 3164 1139 3219 tabel-

122 3233 214 3288 latam
234 3233 293 3289 eius
312 3234 339 3288 L
359 3233 608 3304 ΙΙῙ4Ῐ11Π188ῘΠΘῙΙΙ
626 3236 653 3289 B
670 3237 673 3303 Ι
691 3235 918 3291 ammirationem
936 3237 985 3304 Li!
1002 3240 1034 3290 15
1054 3235 1140 3290 cofla-

122 3305 204 3358 turus
222 3306 249 3360 L
264 3308 269 3373 Ι
286 3305 377 3373 adque
396 3306 425 3359 B
440 3309 444 3371 Ι
460 3305 580 3360 insemet
600 3306 647 3376 Ol
670 3310 702 3360 17
721 3324 808 3362 unum
826 3325 877 3363 ona.
900 3307 989 3376 01118
1009 3305 1071 3361 aius
1088 3324 1145 3360 om.

123 3375 151 3430 L
189 3382 222 3430 19
242 3376 384 3445 quendam
404 3376 447 3446 011
460 3375 617 3432 iuuentutis
633 3377 660 3433 L
675 3377 799 3449 iborom
817 3378 914 3449 (3le
933 3379 1079 3446 qucum
1096 3387 1166 3436 gw-

125 3445 208 3501 dibus
230 3463 325 3502 romae
348 3449 428 3504 oetas
448 3452 546 3508 octena
565 3453 678 3510 omissis
697 3453 743 3526 B,
765 3471 793 3510 o.
813 3469 888 3524 quoe
908 3450 978 3504 utet
993 3446 1046 3498 iic
1064 3440 1194 3493 bonomo
