2436 3826
548 192 663 242 INDEX

117 349 269 403 ostendunt
294 347 455 402 Mithridati
482 353 528 415 96,
551 355 575 404 3.

115 421 223 475 animos
238 420 358 490 Apuleio
373 419 523 474 Saturnino
537 420 575 476 M.

117 493 237 560 datus,
249 497 290 547 16.
310 492 347 546 M.
363 491 461 544 consul
475 490 575 560 eidem,

115 563 183 632 quia
206 563 280 617 tueri
302 580 359 616 non
381 564 506 631 poterat,
526 562 576 615 ad-

114 639 339 703 161611612015.
373 633 433 687 61116
452 633 576 703 inexple-

113 705 180 760 bilis
200 705 336 759 honorum
355 704 443 758 fames
462 704 576 758 initium

112 777 183 830 belli
197 776 358 844 6111116130,
370 783 393 831 7.
416 793 479 829 eum
494 776 574 830 caedi

113 848 246 916 Syllanae
262 847 371 902 servilis
386 847 455 918 luga
470 847 575 901 exemit

113 925 226 987 130,18.
250 919 324 972 redit
339 919 375 973 ab
384 918 481 972 Africa
493 918 573 972 clade

112 991 202 1044 maior
213 996 272 1059 131,
283 996 306 1045 3.
327 1008 390 1045 cum
405 989 494 1043 Cinna
508 989 573 1044 Car-

113 1063 185 1115 bone
210 1062 331 1116 Sertorio
360 1061 459 1115 urbem
485 1061 575 1115 intrat

114 1139 227 1201 131,13.
252 1133 282 1186 in
296 1132 574 1203 61116166166111611616

113 1204 219 1257 Antoni
242 1203 396 1258 consularis
420 1207 505 1275 caput
528 1221 573 1258 ex-

111 1275 226 1342 ponitur
245 1281 363 1342 131,17.
401 1291 433 1328 66
451 1276 513 1344 ipso
532 1275 573 1328 vi·

112 1345 196 1398 dente
231 1345 387 1398 Ancharius
429 1346 573 1399 confossus

113 1421 173 1482 131,
184 1420 227 1470 24.
246 1416 367 1485 septima
377 1415 437 1469 eius
449 1433 573 1485 purpura

111 1486 234 1556 plurima
261 1487 361 1540 funera
388 1487 440 1539 dat
463 1492 527 1555 132,
548 1494 571 1542 1.

113 1574 175 1611 curn
202 1560 263 1611 tam
287 1558 365 1612 ferox
390 1557 420 1610 in
443 1558 572 1626 Syllanos

111 1629 148 1684 M.
177 1629 290 1698 fuisset,
319 1631 425 1697 quanta
453 1628 572 1682 saevitia

112 1717 182 1771 opus
215 1702 276 1755 erat
305 1704 338 1754 ut
366 1700 444 1768 Sylla
472 1701 507 1753 de
534 1700 571 1755 M.

111 1772 318 1826 vindicaretur?
338 1777 399 1840 132,
414 1778 429 1825 7

92 1843 122 1896 Ο.
146 1843 276 1897 Marius
306 1842 333 1897 C.
360 1842 378 1897 1.
408 1842 516 1896 iuvenis
544 1844 573 1896 ct

113 1913 203 1967 Carbo
236 1932 305 1968 coss.
338 1913 369 1966 in
403 1913 572 1968 anticessum

113 1984 250 2055 sanguine
270 1987 384 2039 senatus
403 1984 458 2038 sibi
472 2000 571 2054 paren-

109 2057 174 2108 tant
202 2062 266 2124 132,
291 2063 332 2109 11.
378 2057 454 2125 apud
482 2056 572 2110 Sacri-

110 2129 222 2195 portum
241 2143 389 2196 oppressus
410 2132 469 2195 133,
485 2134 500 2180 2

96 2197 125 2251 C.
162 2197 290 2251 Marius
332 2198 570 2322 Gratidiantus,

111 2268 190 2322 ducis
213 2269 312 2338 frater,
337 2269 526 2338 aSyllanist
527 2287 571 2322 ru-

111 2339 350 2410 611616613317

94 2385 317 2492 Marmaricus
337 2428 491 2481 cognomen
505 2411 572 2477 Qui-

112 2481 201 2536 rinius
220 2487 386 2553 aspernatur
405 2490 464 2551 177,
480 2489 496 2536 3

92 2553 331 2623 Marmaridas,
355 2526 464 2622 Libyae,
484 2571 572 2623 popu-

111 2624 178 2694 lum,
195 2626 339 2694 Augustus
354 2624 481 2690 Quirinio
497 2625 571 2678 subi-

110 2696 216 2765 gendos
236 2697 394 2763 1161177,1
443 2740 447 2748 .

92 2783 300 2819 marmoreus
327 2768 425 2834 portus
453 2766 571 2833 Syracu-

112 2841 316 2905 6611111157,14.
343 2853 407 2890 6166
425 2836 571 2891 moenibus

109 2909 193 2975 portu
211 2907 391 2975 turribusque
408 2908 571 2962 marmoreis

111 2977 242 3045 Cyzicum
255 2978 399 3032 Asiaticae
416 2979 519 3048 plagae
538 2979 571 3032 li-

109 3052 173 3103 tora
191 3049 324 3103 inlustrat
343 3055 414 3118 98,1

92 3120 571 3191 Marsos,Italiaepopulum,Pop·

109 3192 228 3261 paedius
238 3193 290 3247 sub
297 3191 384 3260 signis
390 3193 478 3247 habet
486 3199 535 3245 123
537 3199 571 3261 ,6.

110 3280 157 3318 666
178 3263 295 3317 discutit
312 3264 448 3318 Gabinius
469 3270 560 3333 124,8

91 3334 201 3389 Μ6116
219 3336 332 3416 genitus
346 3336 516 3405 Romulust,
529 3341 570 3390 16.

111 3423 209 3477 agrum
236 3406 345 3476 regium
367 3406 404 3462 M
429 3424 478 3461 suo
507 3423 571 3460 con-

110 3480 203 3531 secrat
224 3477 344 3548 populus
365 3477 508 3532 Romanus
528 3483 571 3543 15,

111 3552 153 3603 18.
190 3549 229 3604 M
253 3566 302 3603 suo
321 3552 449 3617 torquem
466 3520 571 3604 vovent

1044 187 1108 253 235

648 347 724 403 Calli
748 353 794 416 50,
815 355 839 403 9.
878 348 927 402 diu
955 365 1044 417 aequo
1070 350 1108 403 M.

648 420 724 489 apud
746 418 914 473 Pharsalum
937 420 1111 474 contendunt

648 490 751 545 Caesar
769 493 799 544 et
816 489 965 560 Pompeius
986 496 1108 559 146,12.

648 562 725 632 apud
747 562 883 615 Mundam
911 561 959 615 diu
984 562 1048 632 pari
1070 564 1108 617 M.

648 633 723 687 66166
742 632 814 686 nihil
828 633 949 702 amplius
964 651 1049 702 quam
1064 651 1108 688 66-

648 704 746 757 cidunt
766 710 824 772 151,
839 710 873 757 23

628 777 660 828 111
682 775 829 829 Martius
852 776 973 844 populus
999 775 1108 844 aliquid

646 846 702 900 sibi
719 849 811 901 terrae
827 847 907 900 daret
920 848 1021 916 petunt
1036 847 1108 901 Cim-

646 918 690 971 bri
709 923 809 983 90,Ῑο
840 934 1027 988 myoparonas
1043 918 1109 973 Cili-

646 1007 710 1042 cum
735 990 772 1044 M.
802 989 890 1043 classe
918 990 1054 1044 turbabat
1076 991 1107 1054 P.

646 1057 781 1114 Servilius
802 1066 910 1128 101,18

627 1131 1107 1201 Masinissa,Numida,frequens

646 1202 826 1272 Carthaginis
835 1204 899 1257 finis
909 1204 1022 1257 territat
1033 1211 1073 1273 74,
1083 1211 1107 1260 6.

615 1325 616 1328 ,
646 1274 811 1328 Massinissa
848 1291 917 1328 avus
953 1275 1107 1344 Iugurthae

646 1350 688 1413 ec,
705 1351 737 1398 11

627 1416 797 1468 Massicus
827 1432 906 1469 mons
936 1415 1106 1484 Campaniae

645 1486 751 1541 vitibus
771 1486 890 1539 amictus
910 1491 1002 1554 28,18

626 1556 1107 1625 Massilia,fidissimaatqueami-

646 1628 758 1681 sissima
773 1627 882 1696 civitas,
898 1629 932 1681 de
942 1628 1106 1682 incursioni-

644 1698 697 1752 bus
716 1699 905 1754 Salluviorum
924 1699 1050 1767 queritur
1064 1707 1106 1769 89,

646 1776 687 1824 11,
725 1770 838 1824 Caesari
860 1772 957 1840 portas
977 1771 1106 1825 claudere

645 1858 714 1894 ausa
743 1848 809 1910 142,
834 1848 875 1896 16.
913 1842 1015 1894 Brutus
1045 1859 1107 1896 eam

643 1913 791 1981 perdomat
806 1918 866 1981 142,
882 1918 923 1966 21.
950 1912 991 1966 ibi
1009 1913 1106 1968 morbo

644 1984 753 2038 solutus
762 1984 874 2053 Lucius,
887 1984 1009 2053 Augusti
1018 2002 1105 2054 nepos

645 2060 736 2123 1161

625 2126 823 2194 Massivam,
847 2126 958 2195 imperii
980 2126 1104 2195 conpeti-

643 2199 740 2266 torem,
750 2198 887 2267 Iugurtha
898 2197 1009 2251 conficit
1019 2201 1061 2264 87,
1073 2204 1106 2250 12

625 2269 847 2323 matrimonia
862 2286 879 2322 a
892 2268 990 2339 primis
1000 2270 1106 2323 Romae

644 2340 744 2394 incolis
754 2358 839 2394 manu
850 2343 964 2410 captati,
971 2345 995 2396 5.
1010 2357 1106 2394 eorum

644 2411 769 2480 dignitas
802 2412 970 2466 seditionem
1000 2412 1106 2465 excitat

644 2488 721 2552 40,1.
747 2483 806 2537 eius
821 2483 932 2538 foedere
942 2482 1023 2550 Iulia,
1039 2483 1106 2536 Cae-

645 2555 715 2608 saris
738 2554 810 2621 filia,
839 2553 936 2624 generi
961 2553 1105 2622 socerique

644 2624 822 2678 concordiam
842 2625 968 2677 continet
987 2630 1046 2691 141,
1063 2631 1078 2676 5

625 2698 782 2748 matrona
810 2695 960 2762 (Lucretia)
984 2695 1105 2748 dedecus

643 2766 716 2820 ferro
731 2764 827 2834 expiat
842 2771 937 2834 14,15.
959 2768 1105 2819 matronae

644 2836 890 2906 Carthaginienses
922 2836 952 2890 in
984 2839 1105 2904 tormen-

642 2910 736 2962 torum
744 2907 859 2961 vincula
870 2907 953 2960 crinis
965 2925 1028 2961 suos
1039 2924 1103 2961 con-

643 2978 829 3038 1611161761

625 3050 864 3104 Mauretaniae
898 3066 947 3103 rex
978 3050 1105 3103 Bocchus

643 3126 753 3190 88,13.
790 3121 968 3190 Pompeianis
995 3121 1105 3175 accedit

643 3192 732 3262 copiis
751 3193 861 3246 Mauret
863 3192 944 3245 auiae
968 3209 1016 3246 rex
1034 3192 1105 3246 luba

644 3268 757 3333 149,14.
784 3263 938 3334 Hispaniae
953 3266 982 3317 et
995 3264 1104 3317 Maure·

642 3308 739 3389 taniae
754 3334 858 3388 111616Ι
851 3353 881 3388 1n
889 3352 977 3387 unum
985 3338 1106 3416 vergunt

644 3412 752 3474 151,11
768 3405 1106 3460 Mauretaniamostendit

643 3450 760 3546 quartus
789 3476 916 3532 Caesaris
945 3478 1104 3548 triumphus

645 3554 755 3618 15614
