2436 3826
142 110 164 175 3
506 113 618 164 mour
635 112 796 164 narbona
832 140 836 150 -

141 279 219 338 mira
255 279 299 337 vis
335 277 504 337 bominum:
541 276 639 337 Latini
670 277 819 355 Tuscique
851 284 985 356 pastores
992 324 1001 358 ,
1039 277 1164 356 quidam

143 368 233 426 etiam
261 367 465 445 transmarini,
493 364 624 444 Phryges
652 367 704 444 qui
732 365 786 426 sub
811 365 922 446 Aenea,
950 364 1079 426 Arcades
1107 369 1164 444 qui

143 453 199 515 sub
226 453 365 516 Euandro
398 454 473 514 duce
500 454 689 514 influxerant.
735 456 776 514 ita
804 473 840 515 ex
867 456 957 515 variis
986 456 1071 533 quasi
1099 455 1162 515 ele-

143 545 253 604 mentis
276 544 464 620 congregavit
482 561 591 621 corpus
609 561 711 623 unum,
731 542 933 622 populumque
951 543 984 603 R.
1005 545 1069 622 ipse
1088 544 1164 604 lecit

89 644 124 694 10
144 651 205 693 rex.
252 638 316 692 erat
342 633 438 691 unius·
460 633 564 692 aetatis
592 631 719 711 populus
745 634 886 692 virorum.
932 633 1033 710 itaque
1057 635 1163 692 matri·
1191 645 1205 687 a

143 722 242 780 monia
275 739 291 780 a
323 721 458 781 finitimis
489 723 582 799 petita
614 722 684 798 quia
711 738 771 780 non
797 719 1037 801 inpetrabantur,
1069 738 1164 782 manu

144 817 230 889 capta
263 816 341 870 sunt.
392 807 538 869 simulatis
568 810 677 888 quippe
706 807 783 868 ludis
811 808 1000 888 equestribus
1028 811 1163 888 virgines

145 916 220 976 quae
249 897 290 958 ad
324 896 526 976 spectaculum
557 904 701 970 venerant
731 897 858 977 praedae
886 897 978 958 fuere.
1030 904 1060 959 et
1086 897 1164 959 haec

90 999 124 1047 11
145 988 245 1046 statim
274 1004 362 1066 eausa
384 985 547 1070 bellorum,
584 984 664 1065 pulsi
687 986 837 1064 fugatique
860 985 1007 1047 Veientes
1055 985 1163 1047 Caeni-

143 1077 283 1136 nensium
307 1080 425 1154 captum
448 1093 482 1135 ac
506 1075 638 1134 dirutum
662 1081 708 1134 est
731 1074 880 1154 oppidum.
919 1075 1013 1154 spolia
1035 1077 1163 1154 insuper
1178 1089 1205 1130 ιο

144 1166 242 1244 opima
276 1163 312 1223 de
344 1181 415 1241 rege
444 1163 559 1224 Acrone
587 1163 722 1223 Feretrio
750 1163 812 1223 lovi
843 1163 981 1224 manibus
1013 1165 1077 1224 suis
1106 1181 1163 1225 rex

91 1264 125 1313 12
145 1253 315 1332 reportavit.
368 1251 492 1317 Sabinis,
523 1252 657 1330 proditae
690 1259 792 1330 portae
825 1270 880 1331 per
911 1253 1057 1330 virginem
1089 1251 1162 1312 'lar-

143 1343 251 1421 peiam.
287 1340 361 1400 haec
385 1340 486 1400 dolose
510 1342 640 1419 pretium
658 1342 798 1418 reiquae
817 1340 959 1418 gerebant
977 1342 1009 1401 in
1028 1342 1163 1401 sinistris

143 1432 304 1510 petiverat,
336 1428 460 1489 dubium
493 1429 604 1508 clipeos
637 1447 675 1489 an
702 1428 845 1509 armillas3
877 1429 922 1488 illi
954 1436 987 1489 ut
1014 1435 1044 1490 et
1071 1428 1162 1490 fidem

90 1531 124 1580 13
145 1518 294 1579 solverent
322 1523 351 1578 et
381 1518 610 1598 ulciscerentur,
638 1516 742 1596 clipeis
771 1517 906 1578 obruere.
952 1520 993 1578 ita
1021 1517 1162 1578 admissis
1177 1531 1203 1572 rs

143 1610 222 1668 intra
249 1609 367 1667 moenia
389 1606 526 1668 hostibus
553 1614 637 1667 atrox
660 1608 781 1684 inipso
805 1606 869 1666 foro
892 1625 1004 1686 pugna,
1032 1606 1106 1666 adeo
1128 1613 1163 1667 ut

144 1696 287 1757 Romulus
317 1696 416 1756 lovem
449 1702 561 1775 oraret,
594 1695 711 1755 foedam
744 1693 866 1756 suorum
897 1694 998 1773 fugam
1026 1696 1162 1775 sisteret3

90 1797 126 1846 14
144 1785 214 1846 binc
233 1784 378 1863 templum
397 1791 427 1845 et
446 1784 544 1845 Stator
562 1783 704 1863 luppiter.
741 1783 861 1843 tandem
879 1783 1048 1844 furentibus
1066 1785 1163 1844 inter-

143 1891 253 1934 venere
285 1879 386 1952 raptae
418 1871 525 1932 laceris
555 1874 656 1932 comis.
703 1873 747 1931 sic
779 1889 836 1950 pax
869 1872 944 1932 facta
978 1891 1045 1933 oum
1075 1869 1163 1932 Tatio

145 1963 309 2040 foedusque
332 1977 518 2040 percussum,
542 1966 726 2038 sequutaque
745 1977 795 2019 res
814 1962 890 2020 mira
908 1959 998 2040 dictu,
1021 1967 1055 2020 ut
1073 1959 1162 2021 relic·
1177 1973 1204 2014 2⁰

216 2132 239 2185 I
255 2136 268 2183 1
283 2129 385 2186 latini·
395 2130 562 2198 tuscumque
572 2130 598 2183 L
611 2132 621 2199 11
635 2135 650 2183 1
665 2130 760 2201 Fryges
773 2133 806 2185 tn
819 2129 906 2200 friges
920 2131 1043 2186 rodendo
1054 2137 1123 2186 met.
1134 2131 1169 2186 N

144 2201 240 2272 fryges
254 2203 276 2254 I
285 2200 372 2271 friges
387 2201 446 2255 BL
462 2202 467 2271 1
483 2217 555 2254 anea
569 2202 597 2256 Β
612 2203 735 2270 aenaJl
752 2201 888 2255 archades
900 2201 928 2271 L
940 2203 950 2270 1
964 2205 981 2254 3
996 2201 1122 2255 enendro
1133 2204 1166 2256 io

145 2271 271 2326 euandro
285 2277 350 2326 mut.
366 2271 406 2325 B’
419 2273 459 2340 11
476 2287 524 2326 rex
537 2273 670 2327 Iordanis
683 2273 741 2327 eod.
755 2273 940 2343 Pollioqcnse'r
954 2272 1087 2342 Belaidipr
1107 2271 1166 2327 Res

144 2342 360 2413 1001100119
381 2345 390 2408 11
414 2348 429 2396 6
449 2358 467 2395 0
480 2359 531 2399 om.
546 2343 574 2396 B
590 2347 594 2412 1
610 2342 836 2413 impetrabantur
852 2343 925 2412 011
946 2349 961 2397 't
981 2340 1057 2397 ludis
1076 2340 1112 2411 (is
1133 2345 1167 2398 in
1201 2395 1205 2403 ,

144 2431 247 2470 rasura
261 2415 365 2469 30014
379 2415 545 2481 litterarum)
555 2414 583 2467 B
596 2413 672 2467 ludis
686 2413 708 2484 (i
722 2420 843 2470 correcta
856 2431 890 2469 ero
899 2416 928 2482 u)
937 2414 971 2468 N
981 2416 991 2484 1
1005 2415 1166 2484 senpecta-

145 2483 1167 2555 0010011101οᾱοΒ101000,111000001.Β119000000.Β

143 2557 244 2612 baberet
261 2554 328 2610 AN
349 2559 354 2624 1
378 2554 504 2609 noientes
523 2553 545 2625 (i
562 2563 683 2610 correcto
701 2573 735 2611 eac
753 2559 782 2626 g)
801 2557 835 2610 N
849 2554 995 2609 uenientes
1014 2555 1042 2610 L
1063 2557 1067 2624 1
1087 2555 1167 2610 coni-

143 2626 284 2682 mensium
297 2629 329 2681 ive
342 2625 535 2681 ceninensium
543 2627 670 2681 radendo
683 2634 749 2682 mut.
760 2628 787 2681 L
801 2628 811 2697 11
825 2632 859 2680 10
874 2625 999 2680 dirutum
1013 2625 1037 2681 0
1049 2625 1169 2683 0000100

143 2700 183 2753 H
193 2703 218 2767 4,
235 2704 252 2755 7
271 2696 412 2767 direptum
430 2698 459 2752 A
475 2700 479 2765 1
495 2698 540 2751 est
557 2714 607 2752 om.
626 2697 654 2750 L
670 2690 783 2752 Orosr'als
805 2701 815 2768 11
838 2703 870 2750 11
891 2713 996 2767 agroue
1014 2698 1043 2750 A
1062 2714 1114 2753 orn.
1137 2698 1169 2767 0,

110 2781 113 2791 ’
144 2770 333 2838 01010012
350 2772 354 2838 1
371 2767 429 2822 suis
448 2769 549 2837 000111
564 2773 597 2821 12
611 2768 769 2838 reportabit
782 2769 810 2823 Β
826 2773 830 2835 Ι
847 2767 954 2822 0001010
969 2769 1007 2838 Ι1
1022 2767 1169 2838 tarpeiam

144 2857 195 2896 om.
218 2839 242 2896 0
260 2841 376 2908 fortasse
398 2846 480 2906 recte,
502 2857 527 2894 o.
546 2840 569 2893 I
582 2844 613 2906 1,
628 2843 660 2908 3;
678 2844 722 2908 34,
741 2841 784 2909 211
804 2844 837 2893 13
855 2857 913 2894 non
931 2838 996 2893 (1010
1016 2840 1170 2908 (poema

144 2928 161 2966 o
179 2930 214 2967 m.
234 2912 293 2965 eud.
313 2927 347 2966 erc
365 2913 384 2965 ir
403 2911 440 2980 Β)
460 2909 510 2964 sod
527 2908 624 2979 puelle
642 2912 738 2980 (snpra
757 2926 774 2963 a
792 2912 836 2966 nir
854 2912 903 2965 ulo
921 2927 1000 2966 00000
1018 2915 1069 2979 est,
1095 2928 1169 2980 quoa

143 3000 173 3036 m
190 2982 331 3053 significat
344 2982 382 3050 Β)
400 2981 429 3035 A
447 2997 499 3034 nec
517 2980 597 3036 dolos
612 2980 662 3034 sed
675 2979 772 3050 puella
785 2982 819 3035 N
862 2998 894 3036 ee
908 2979 1170 3050 (1010·001000110

144 3054 185 3107 L.-
207 3054 329 3120 correct,
352 3053 387 3120 of.
406 3053 440 3107 de
457 3054 508 3108 cir.
527 3051 906 3120 tlt.a,onomine.d010se
925 3051 1051 3121 (dolosae
1070 3051 1170 3177 Saep-

139 3126 218 3195 pius)
232 3123 330 3194 puelle
342 3124 463 3178 Iahnius
475 3126 485 3192 1
499 3128 534 3176 14
546 3122 689 3193 petierant
702 3123 736 3177 N
746 3122 868 3192 petierat
877 3124 929 3177 LI
940 3125 945 3193 1
962 3121 1075 3192 clypeos
1090 3123 1121 3177 L
1161 3124 1168 3197 1

145 3197 225 3249 0101
243 3193 949 3264 (01010101.001.)Βο10001111501100101111
966 3192 1169 3268 0001001011

146 3271 180 3320 16
200 3266 237 3319 ed
255 3264 351 3338 mgnia
369 3265 409 3332 L,
429 3271 459 3320 ot
475 3284 500 3320 o.
518 3267 696 3336 Augustinus
714 3267 747 3320 de
765 3268 814 3320 010.
835 3263 1099 3334 (1011111311οω
1112 3283 1167 3323 000

145 3337 173 3392 L
192 3337 272 3391 aditu
295 3337 370 3392 Voss.
390 3337 483 3392 Poris.
498 3341 572 3393 5802
588 3339 596 3407 11
612 3341 644 3390 17
664 3337 758 3390 oraret
776 3337 809 3389 01
829 3335 943 3390 foedam
962 3336 989 3389 L
1010 3338 1021 3405 1
1043 3339 1078 3390 18
1096 3335 1170 3391 hino

138 3410 170 3470 (n
186 3424 277 3473 supra
294 3424 403 3462 aereum
421 3425 455 3462 m.
474 3409 545 3477 ead.)
561 3409 589 3462 B
608 3406 655 3460 hic
668 3408 702 3461 N
715 3409 719 3476 1
736 3406 909 3461 uenientibus
926 3406 949 3462 O
963 3405 1111 3461 timoribus
1126 3409 1151 3463 I
1158 3408 1169 3481 11

120 3477 164 3523 20
178 3477 341 3543 secutaque
358 3478 423 3534 NI
429 3477 439 3552 1
453 3478 560 3535 misera
578 3480 601 3535 I
