2436 3826
146 184 190 246 24
507 185 618 237 FLORI
636 185 797 236 EPITOMA

82 363 126 413 ,11
146 357 343 435 morerentur.
381 350 536 429 pontifices
561 337 748 409 et'ssamines
773 337 920 428 quidquid
940 349 1162 428 religiosissimi

145 442 177 499 in
204 438 323 518 templis
351 445 415 499 erat
437 441 544 518 partim
569 441 600 497 in
624 437 718 498 doleIs
742 438 858 498 delossa
881 445 961 499 terra
984 440 1163 521 recondunt,

91 540 123 587 12
143 531 252 608 partlm
279 530 408 605 inposita
431 526 572 606 plaustris
598 545 699 587 secum
723 526 810 586 Veios
833 528 979 588 auferunt.
1026 530 1160 606 virgines

143 616 232 677 simul
270 635 307 676 ex
344 615 509 676 sacerdotio
542 616 646 675 Vestae
676 616 756 676 nudo
789 615 865 695 pede
897 616 1040 695 fugientia
1073 635 1159 677 sacra

143 708 329 766 comitantur.
375 714 475 765 tamen
503 696 657 783 excepisse
681 704 822 782 fugientis
845 723 923 764 uuus
947 705 1073 784 e'plebe
1097 705 1157 766 fer·
1182 719 1196 760 'a

142 801 191 854 tur
222 793 370 874 Albinius,
403 795 455 872 qui
482 793 626 871 depositis
654 811 747 853 uxore
777 801 806 853 et
833 792 936 853 liberis
963 796 1095 872 virgines
1125 797 1159 854 in

142 882 307 962 plaustrum
335 884 456 961 recepit.
503 881 575 941 adeo
603 887 674 941 tunc
703 900 821 960 quoque
849 885 881 942 in
898 882 1022 943 >ultimis
1051 881 1158 961 religio

90 981 123 1029 13
143 969 262 1050 publica
298 972 422 1048 privatis
457 968 621 1030 adfectibus
654 969 855 1030 antecellebat.
906 973 1043 1031 iuventus
1076 989 1159 1052 vero,

144 1078 232 1138 quam
255 1061 327 1118 satis
351 1065 467 1119 constat
489 1060 537 1117 vix
556 1057 636 1118 mille
655 1058 809 1119 hominum
828 1060 930 1140 luisse,
953 1059 1028 1120 duce
1047 1059 1158 1124 Manlio

144 1165 242 1208 arcem
276 1146 433 1224 Capitolini
464 1148 574 1206 montis
607 1148 730 1227 insedit,
763 1147 909 1208 obtestata
941 1151 1045 1227 ipsum¹
1071 1150 1197 1226 quasin

143 1243 331 1316 praesentem
349 1235 456 1316 lovem,
479 1243 512 1295 ut
536 1253 625 1313 quem
648 1235 684 1295 ad
707 1235 828 1296 modum
852 1239 911 1315 ipsi
936 1237 971 1296 ad
996 1236 1158 1298 delenden-
1210 1283 1213 1288 -

144 1324 214 1384 dum
238 1323 381 1404 templum
405 1327 469 1384 eius
493 1327 725 1405 concurrissent,
751 1327 791 1384 ita
814 1324 864 1385 ille
890 1327 1029 1386 virtutem
1053 1343 1158 1386 eorum

70 1421 124 1470 Ι14
143 1416 264 1473 numine
294 1431 347 1474 suo
374 1420 517 1474 tueretur.
564 1412 687 1472 aderant
714 1415 834 1489 interim
862 1412 937 1474 Galli
965 1421 1158 1493 apertamque

144 1502 248 1562 urbem
276 1504 373 1580 primo
400 1501 523 1581 trepidi,
551 1520 589 1561 ue
618 1504 684 1579 quis
709 1501 846 1561 subesset
869 1502 967 1581 dolus,
995 1520 1078 1583 mox,
1105 1501 1159 1562 ubi

143 1590 344 1655 solitudinem,
356 1591 477 1670 vident,¹
488 1592 554 1668 pari
578 1588 704 1650 clamore
730 1598 759 1650 et
782 1592 895 1668 impetu
916 1590 1067 1651 invadunt.
1096 1603 1196 1670 pai-1⁵

142 1682 233 1740 tentis
266 1682 377 1758 passim
410 1680 513 1738 domos
541 1679 658 1738 adeunt.
705 1677 748 1738 ibi
776 1678 915 1739 sedentes
942 1681 974 1739 in
1002 1678 1159 1750 curulibus

143 1771 205 1828 suis
242 1775 442 1846 praetextatos
480 1770 567 1828 senes
601 1766 683 1827 velut
715 1767 787 1826 deos
819 1770 981 1846 geniosque
1015 1770 1159 1848 venerati,

143 1874 213 1916 mox
242 1856 376 1937 eosdem,
408 1863 567 1935 postquam
594 1874 660 1915 esse
688 1855 824 1915 homines
851 1855 995 1936 liquebat,
1028 1855 1161 1935 alioquin

144 1944 219 2005 nibil
241 1944 424 2023 respondere
444 1944 601 2021 dignantes
619 1946 685 2021 pari
703 1943 840 2004 vecordia
858 1951 997 2026 mactant,
1019 1945 1160 2024 facesque

215 2203 236 2254 I
252 2207 265 2254 1
285 2201 632 2272 morereturA,o.§10;
650 2204 912 2271 143,5;116,6;
933 2198 1161 2271 13,12leutem

144 2280 208 2328 onte
231 2273 259 2325 ei
281 2273 345 2326 add.
369 2274 390 2325 I
411 2274 415 2341 Ι
440 2271 567 2325 flamines
591 2275 664 2341 (onte
687 2290 716 2326 m
737 2275 846 2328 uidetur
868 2290 947 2328 eroso
970 2291 1024 2328 esse
1045 2276 1083 2343 m)
1103 2275 1138 2328 N
1156 2275 1159 2346 Ι

144 2342 270 2412 quitquit
293 2343 328 2396 N
352 2342 487 2411 quicquid
514 2343 574 2396 BL
599 2346 603 2412 Ι
627 2343 872 2414 religiosissimum
898 2345 926 2397 L
946 2347 955 2414 Ι
978 2351 993 2398 2
1023 2345 1104 2398 erant
1132 2347 1161 2414 (ιι

141 2417 278 2484 expunxit
294 2430 329 2497 in.
349 2417 376 2483 1)
395 2415 428 2467 N
449 2417 453 2483 Ι
478 2413 593 2469 indoliis
613 2416 639 2468 L
660 2417 664 2484 Ι
684 2415 792 2469 refossa
811 2417 832 2468 1
847 2419 851 2485 Ι
867 2417 949 2469 terrae
968 2417 1161 2484 (posteriorem

141 2491 317 2625 {dibi
335 2503 373 2624 ΙΙ·
385 2487 424 2610 ΙΙ
438 2485 894 2625 ,interibili-titium
909 2486 1162 2626 tibitibi

140 2630 222 2682 immo
251 2627 332 2682 anre
359 2645 384 2682 o.
413 2628 513 2682 Isioins
540 2628 567 2681 V
587 2632 691 2695 40,1o
718 2635 744 2683 ei
768 2628 795 2682 O.
820 2630 845 2682 Ι.
870 2629 903 2683 L.
928 2627 964 2682 1¹
984 2646 1014 2697 p.
1033 2633 1086 2682 191
1110 2629 1120 2697 Ι
1144 2633 1162 2681 4

140 2697 271 2768 iugentia
293 2699 321 2751 B
339 2700 383 2767 lli
406 2697 547 2768 fugientes
571 2698 631 2753 AL
655 2698 780 2767 sugentis
804 2697 825 2767 (i
848 2701 879 2753 in
902 2715 917 2752 e
935 2701 1055 2754 mutauit
1072 2716 1107 2753 en.
1128 2701 1160 2769 2)

140 2771 175 2825 Ν
191 2774 195 2840 Ι
221 2786 255 2824 ex
274 2771 302 2824 Β
322 2785 337 2822 e
356 2787 441 2838 supro
460 2786 565 2824 uersum
583 2770 648 2823 odd.
667 2770 694 2822 L
716 2771 725 2838 ΙΙ
749 2776 765 2823 6
784 2769 890 2822 asinius
910 2773 935 2822 A
955 2769 1068 2823 albinus
1086 2769 1115 2823 L
1133 2788 1159 2826 v.

140 2842 240 2896 Iunius
260 2841 277 2895 l.
296 2858 328 2908 e.,
346 2841 515 2895 Piutauuus
535 2839 608 2894 Oeen.
628 2843 729 2907 2111-'1
748 2842 810 2892 ium
831 2840 854 2895 0
870 2840 874 2912 Ι
896 2839 1044 2894 ultimimis
1064 2842 1160 2909 (prius

140 2910 180 2966 mi
197 2913 335 2981 expunxit
352 2929 386 2965 in.
406 2912 476 2978 ead.)
494 2910 521 2963 L
537 2909 541 2981 Ι
557 2909 657 2980 religio
677 2913 703 2979 (o
722 2929 756 2965 en
774 2911 793 2964 b
811 2929 845 2966 ni.
864 2914 890 2980 1)
905 2912 939 2965 N
948 2913 988 2980 Ι8
1008 2909 1160 2965 affectibus

140 2985 232 3053 (prior
249 2982 264 3035 f
284 2999 318 3036 en
341 2984 366 3050 c)
384 2983 412 3035 B
433 2979 580 3035 affectibus
599 2982 626 3035 L
646 2980 790 3035 effectibus
808 2984 830 3036 Ι
850 2985 854 3047 Ι
880 2985 946 3036 ante
965 2982 1090 3036 celebret
1108 2982 1137 3035 L
1150 2984 1160 3053 Ι

75 3052 80 3061 ”
141 3062 157 3109 9
181 3049 350 3107 manilio'B
373 3054 506 3107 Iordanis
528 3054 585 3106 cod.
609 3053 820 3107 Laurentianus
843 3055 852 3122 Ι
876 3059 908 3106 11
933 3054 1027 3107 Iovem
1051 3055 1112 3122 (eie)
1133 3053 1160 3106 L

140 3143 190 3182 one.
211 3126 245 3179 N
263 3126 272 3194 Ι
298 3129 328 3177 12
354 3122 413 3176 eius
437 3141 487 3178 on.
508 3125 533 3174 A
555 3125 559 3190 Ι
581 3123 768 3176 occurrissent
785 3123 1065 3177 Iconeucurrissent
1082 3123 1133 3176 Ν·ι
1151 3124 1161 3196 ΙΙ

142 3203 174 3250 13
195 3198 276 3250 erant
293 3195 328 3248 N
337 3198 346 3263 Ι
362 3199 395 3246 14
412 3193 503 3263 primo
519 3225 552 3232 -
568 3193 665 3249 domos
685 3196 732 3262 (es.
751 3193 798 3264 16)
819 3212 869 3250 one.
889 3196 911 3248 I
922 3198 926 3264 Ι
942 3194 1027 3263 nequi
1046 3193 1079 3249 N
1093 3195 1103 3263 Ι
1126 3200 1161 3250 15

141 3268 240 3322 uident
259 3268 288 3334 (n
312 3267 376 3320 add.
395 3284 429 3319 in.
451 3268 477 3334 1)
495 3266 523 3318 B
549 3270 552 3326 Ι
578 3267 693 3320 utente
711 3265 775 3336 pari
793 3268 857 3321 odd.
876 3267 904 3320 B
929 3267 933 3337 Ι
958 3268 1089 3334 patentes
1108 3268 1138 3321 B
1152 3267 1162 3338 ΙΙ

142 3344 175 3392 16
195 3339 294 3393 domus
309 3337 343 3390 N
357 3354 444 3406 supra
460 3353 567 3392 uersum
581 3338 645 3392 add.
661 3339 686 3390 L
703 3344 706 3396 Ι
722 3336 772 3390 ubi
789 3337 827 3407 01
845 3336 1009 3391 ‘sedentibus
1024 3339 1046 3391 I
1057 3340 1061 3406 Ι
1078 3353 1162 3391 euru·
1192 3352 1197 3361 ·

141 3410 217 3463 libus
236 3412 310 3478 (unte
327 3425 342 3460 r
359 3425 439 3463 eraso
457 3415 496 3462 est
513 3410 537 3477 r)
556 3407 584 3459 B
607 3410 616 3477 Ι
640 3414 673 3461 18
693 3407 820 3462 homines
840 3425 900 3462 esse
920 3409 947 3463 L
962 3411 966 3478 Ι
983 3407 1112 3476 alioquin
1131 3411 1163 3478 (ιι

130 3498 226 3610 ἰκρία
244 3495 403 3604 φενειιβιᾶι,
410 3481 450 3606 81)
469 3479 504 3533 Ν
519 3476 638 3531 allocuti
656 3479 773 3548 Lipsius
791 3478 900 3547 alloqui
914 3481 951 3534 D.
967 3479 1113 3548 Heinsius,
1131 3485 1164 3535 at

119 3563 157 3599 e,
221 3565 288 3602 eius
385 3594 396 3620 ,
