2436 3826
110 195 152 262 72
470 197 580 249 mom
596 194 757 247 srmone

111 367 233 426 iuvenes
262 361 395 423 candidis
423 363 508 440 equis
531 359 608 440 apud
630 359 769 420 Iuturnae
792 357 889 419 lacum
910 355 1070 437 pulverem
1090 362 1120 417 et

112 471 249 515 cruorem
273 449 437 512 abluebant
475 449 507 509 hi
529 451 711 510 nuntiavere.
747 446 900 509 Castorem
918 451 949 506 et
967 444 1120 507 Pollucem

111 543 204 603 fuisse
232 541 378 603 creditum
405 537 503 620 volgo,
531 538 609 617 quod
637 539 749 617 gemini
776 536 915 616 Iodssent3
944 535 1120 596 intermisse

110 630 198 712 bello,
222 629 300 709 quod
325 630 466 707 sanguine
489 625 655 707 maderent,
678 624 881 687 aMacedonIa
904 625 1018 705 venire,
1042 622 1121 704 quod

112 720 207 781 adhuc
229 717 409 779 anhelarent.
1144 725 1156 767 o

232 947 369 1008 XXVIIII.
402 945 551 1006 BELLVM
572 944 772 1007 ILLYRICVM
795 942 1000 1006 SECVNDVII.

8 1087 100 1174 11,13
181 1088 363 1148 Macedonici
384 1085 455 1148 belli
478 1090 613 1167 contagio
631 1090 721 1149 traxit
743 1086 871 1168 Illyrios3
895 1088 922 1147 si
943 1085 1070 1166 quidem
1092 1093 1125 1148 ut

115 1177 279 1238 Romanum
312 1195 328 1236 a
355 1182 439 1255 tergo
467 1176 692 1258 distringerent,
723 1196 740 1237 a
766 1175 856 1237 Perse
883 1193 953 1254 rege
982 1176 1124 1237 conducti

81 1268 242 1346 npecunia
265 1264 472 1325 militaverunt.
515 1268 578 1326 sine
601 1283 684 1326 mora
708 1265 743 1325 ab
767 1265 869 1326 Anicio
892 1269 1030 1343 praetore
1055 1263 1125 1326 suo

116 1359 246 1435 iguntur.
298 1353 439 1415 Scodram
471 1361 558 1433 caput
590 1357 686 1433 gentis
718 1353 832 1415 delesse
860 1352 989 1434 suffecit,
1022 1355 1125 1415 statim
1138 1368 1164 1409 ιο

119 1451 219 1506 secuta
248 1443 358 1504 deditio
386 1450 438 1504 est.
485 1442 612 1522 denique
634 1443 691 1503 hoo
713 1442 823 1504 bellum
846 1451 915 1505 ante
936 1441 1057 1503 finitum
1080 1449 1126 1504 est

117 1552 205 1614 quam
228 1535 292 1612 geri
313 1531 423 1592 Romae
447 1535 641 1592 nuntiaretur.

240 1762 328 1824 XXX.
360 1762 509 1823 BELLVM
531 1760 799 1823 Mtcdoordcvn
821 1761 993 1823 TERTIVII.

11 1904 105 1989 11,14
186 1905 318 1977 Quodam
348 1904 420 1985 fato,
453 1907 538 1983 quasi
565 1907 606 1964 ita
633 1905 820 1965 convenisset
846 1907 924 1965 inter
951 1903 1068 1966 Poenos
1096 1914 1127 1966 et

117 1994 292 2056 Macedonas
319 1999 353 2053 ut
379 1995 467 2053 tertio
496 2011 613 2072 quoque
636 1995 839 2074 vincerentur,
862 1993 966 2053 eodem
988 1999 1124 2073 tempore
1139 2006 1163 2048 n

83 2096 99 2144 2
117 2086 236 2161 utrique
259 2100 341 2141 arma
364 2088 526 2140 moverunt.
564 2080 616 2141 sed
638 2083 721 2160 prior
744 2084 847 2161 iugum
865 2084 977 2142 excutit
994 2080 1125 2162 Macedo,

83 2172 267 2250 saliquanto
300 2187 386 2248 quam
419 2175 486 2229 ante
519 2172 648 2251 gravior,
681 2170 751 2231 dum
778 2172 985 2231 contemnitur.
1036 2189 1126 2232 eausa

118 2258 189 2320 belli
207 2275 299 2337 prope
318 2256 527 2318 erubescenda.
565 2261 673 2338 quippe
692 2277 817 2338 regnum
834 2261 947 2339 pariter
965 2266 995 2320 et
1013 2258 1126 2321 bellum

119 2350 165 2407 vir
191 2346 311 2406 ultimae
340 2347 429 2406 sortis
456 2345 617 2407 Andriscus
644 2350 805 2429 invaserat,
833 2347 956 2409 dubium
982 2346 1060 2409 liber
1088 2367 1126 2409 an

119 2453 235 2516 servus,
262 2436 486 2495 mercennarius
514 2442 607 2516 certe,
635 2437 687 2497 sed
714 2438 766 2515 qui
795 2436 881 2516 vulgo
908 2436 1061 2516 Philippus
1090 2455 1127 2498 ex
1140 2450 1166 2492 so

193 2649 207 2697 1
228 2639 365 2695 dinturnae
388 2641 423 2695 N
440 2640 571 2695 uiturnae
592 2641 620 2695 L
641 2644 651 2712 tl
673 2647 690 2696 3
714 2641 800 2713 uulgo
823 2642 883 2697 BL
906 2645 912 2713 Ι
935 2641 1130 2698 interfuissent

120 2717 164 2785 (nt
191 2715 351 2783 expunctae)
378 2713 406 2766 L
431 2714 441 2783 I
467 2717 485 2765 4
512 2712 677 2783 sanguinem
704 2713 820 2768 oderent
846 2717 885 2783 (m
910 2731 996 2783 ctera
1021 2730 1130 2770 cerem

118 2805 153 2842 m.
172 2788 201 2856 1)
219 2786 247 2839 Β
266 2783 431 2856 sanguinem
450 2782 587 2838 adherent
604 2785 636 2839 ἐπ
653 2783 791 2855 sanguine
807 2784 924 2839 cherent
938 2786 998 2855 (δίε)
1010 2787 1130 2841 νηιιὲαυίί

120 2857 167 2912 N’
189 2858 199 2926 I
221 2860 237 2909 5
257 2854 447 2910 anelarentL
468 2857 478 2924 t
499 2861 696 2910 omnmcon
715 2855 762 2927 01
784 2869 945 2911 snovnovu
964 2873 1014 2911 om.
1036 2855 1129 2925 0117

119 2927 217 2997 illyros
240 2926 274 2980 N
297 2924 384 2980 illin'o
408 2925 435 2979 L
459 2930 464 2995 1
488 2923 544 2995 ipsi
571 2924 685 2994 quidem
707 2926 774 2980 BN
797 2927 847 2980 sed
872 2925 929 2997 ipsi
951 2926 1066 2995 quidem
1088 2927 1129 2983 L:

120 3015 188 3055 corr.
210 2997 328 3052 Istucine
349 2999 359 3066 u
382 3001 398 3050 8
417 3012 435 3050 a
453 3012 504 3051 om.
522 2996 551 3050 Β
566 2998 571 3065 Ι
586 2999 666 3067 tergo
685 2997 732 3068 (go
750 3013 837 3067 sopra
853 3015 959 3054 cernon
975 3016 1010 3054 m.
1029 3000 1058 3068 1)
1076 2997 1112 3052 N
1124 2998 1128 3069 1

121 3068 329 3138 destringerent
351 3069 379 3122 Β
402 3068 407 3137 Ι
430 3066 561 3122 conducti
584 3066 617 3136 (ti
640 3084 725 3137 sopra
746 3085 852 3124 neroum
869 3087 904 3124 m.
922 3070 949 3138 1)
962 3069 996 3123 N
1013 3071 1024 3138 11
1046 3077 1062 3123 9
1080 3085 1131 3138 pe·

122 3140 206 3195 cunia
225 3141 253 3209 (p
272 3145 391 3194 correcta
408 3155 443 3193 ec
461 3138 480 3191 d
498 3156 532 3194 m.
551 3142 579 3209 1)
597 3139 631 3193 N
652 3141 656 3208 Ι
681 3136 819 3193 ebeinitio
837 3140 865 3194 L
886 3142 896 3210 u
918 3144 953 3192 10
971 3137 1132 3195 scoriadam

122 3214 255 3283 (priorem
274 3226 291 3264 e
308 3211 392 3266 erasit
408 3227 443 3265 m.
463 3212 490 3279 1)
508 3210 537 3264 Β
555 3210 683 3265 scordam
703 3209 750 3280 01
772 3209 865 3282 gentis
883 3210 904 3281 (i
921 3229 955 3267 m.
974 3217 990 3265 1
1009 3218 1134 3267 correcta

121 3300 155 3338 ee
174 3285 199 3352 e)
218 3282 251 3336 N
271 3280 276 3353 Ι
301 3279 439 3336 delessese
457 3281 549 3350 (pnes
568 3296 598 3334 se
615 3281 740 3352 demon)
758 3281 792 3336 N
807 3280 900 3336 edisse
918 3282 1059 3353 &oppius
1072 3284 1082 3352 fl
1096 3287 1132 3336 13

122 3367 260 3409 nmmum
278 3369 328 3408 om.
348 3352 382 3406 N
397 3354 408 3420 t
421 3356 456 3404 14
474 3350 557 3407 facto.
576 3352 604 3406 L
619 3354 625 3421 Ι
638 3367 743 3422 poenos
795 3356 908 3410 octenos
926 3369 942 3408 o
960 3359 1080 3410 cometa
1096 3371 1135 3410 ee·

123 3441 191 3479 am.
210 3427 238 3494 1)
256 3423 285 3477 Β
302 3425 312 3494 u
331 3427 364 3476 15
382 3421 541 3477 uinceretur
558 3422 585 3476 L
602 3427 612 3492 Ι
630 3428 662 3478 17
682 3424 743 3477 arte
806 3423 1005 3494 'contennitur
1022 3424 1133 3494 L120

122 3494 191 3563 quia
215 3492 302 3563 uulgo
345 3491 469 3564 hilippus
492 3509 591 3562 perseo
608 3493 683 3549 filius
701 3495 864 3551 uocabatur.
884 3498 929 3566 (ex
946 3493 1133 3550 similitudine

113 3571 146 3621 et
152 3511 415 3638 pseudophiIIppus
434 3565 497 3638 om.)
511 3564 539 3621 Β
557 3563 627 3636 quta
643 3564 732 3637 uuigo
744 3565 892 3635 stimuum
903 3565 1135 3618 exsinixtxtudine
