2436 3826
133 186 197 250 132
493 188 603 239 FLORI
621 188 781 239 EPITOMA

85 386 87 393 ,
131 352 272 413 kalendas
291 361 320 414 el
338 354 405 414 idus
424 353 553 414 Ianuarii
571 355 683 413 mensis
702 355 827 432 septima
845 352 894 412 illa
911 351 996 413 Marii
1009 372 1143 432 purpura

133 442 222 502 dedit.
260 443 331 521 quid
353 444 486 503 futurum
509 442 573 523 luit,
597 444 623 502 si
645 460 755 502 annum
779 440 949 502 consulatus
968 438 1143 520 implesset?

81 542 113 591 18
190 531 338 610 ·Scipione
351 530 549 610 Norbanoque
568 530 738 591 consulibus
755 534 862 592 tertius
876 529 925 591 ille
945 531 1032 591 turbo
1047 531 1142 590 civilis

133 623 264 680 insaniae
287 628 349 682 toto
372 621 471 681 furore
497 619 643 700 detonuit3
667 623 776 699 quippe
800 620 960 680 cumhinc
985 626 1051 679 octo
1070 619 1143 698 legi-

133 717 205 770 ones
233 711 412 789 quingentae
440 709 577 769 cohortes
601 716 713 770 starenl
735 711 767 769 in
790 711 895 789 armis,
922 708 990 769 inde
1015 708 1050 767 ab
1074 708 1144 768 Asia
1170 721 1182 761 ⁵

81 810 113 857 19
133 818 200 859 cum
223 801 334 859 victore
361 801 494 860 exercitu
515 797 593 878 Sylla
616 805 797 876 properaret.
844 804 874 858 et
897 816 966 858 sane
991 815 1059 858 cum
1081 804 1143 857 tam

132 888 216 947 ferox
239 890 270 948 in
290 887 423 968 Syllanos
441 887 551 948 Marius
574 888 687 967 luisset,
711 896 820 967 quanta
844 889 964 948 saevitia
985 905 1060 965 opus
1079 896 1144 947 erat

133 982 166 1035 ul
189 975 266 1055 Sylla
292 977 327 1036 de
351 976 442 1035 Mario
465 973 687 1037 vindicaretur?
718 979 815 1056 primo
839 984 909 1055 aput
933 975 1062 1054 Capuam
1085 971 1141 1036 sub

133 1082 218 1124 amne
241 1064 384 1125 Vulturno
408 1067 491 1143 signa
514 1073 703 1145 concurrunt,
727 1073 757 1125 et
780 1068 880 1126 statim
903 1063 1034 1125 Norbani
1057 1064 1143 1124 lusus

123 1156 298 1234 exercitus,
331 1155 429 1213 statim
462 1172 564 1213 omnes
596 1154 743 1232 Scipionis
776 1157 877 1233 copiae
911 1159 1057 1214 ostentata
1091 1172 1143 1232 spe
1160 1168 1183 1208 to

81 1255 115 1303 20
134 1245 216 1321 pacis
244 1242 411 1322 obpressae.
456 1249 520 1302 tum
546 1242 655 1302 Marius
682 1245 798 1303 iuvenis
826 1250 857 1302 et
884 1241 978 1302 Carbo
1005 1241 1143 1303 consules

135 1334 220 1411 quasi
243 1332 397 1411 desperata
419 1333 542 1390 victoria
565 1348 602 1391 ne
626 1331 713 1392 inulti
736 1334 882 1412 perirent,
908 1334 940 1391 in
962 1333 1144 1392 anticessum

135 1423 277 1500 sanguiue
311 1427 431 1480 senatus
459 1419 517 1479 sibi
543 1419 749 1500 parentabant,
782 1420 961 1499 obsessaque
989 1423 1072 1481 curia
1101 1423 1144 1481 sic

134 1509 170 1570 de
213 1517 316 1571 senatu
353 1511 437 1588 quasi
475 1508 511 1569 de
548 1527 667 1570 carcere
705 1511 756 1587 qui
793 1508 997 1588 iugularentur
1030 1509 1144 1570 educti.

80 1610 113 1658 21
135 1607 277 1677 quantum
306 1599 443 1659 funerum
471 1600 502 1658 in
530 1598 607 1679 foro,
634 1600 666 1657 in
690 1600 783 1679 circo,
815 1601 847 1657 in
869 1600 979 1676 penitis
1003 1596 1145 1677 templis?
1160 1613 1184 1655 ια

134 1707 202 1748 uam
238 1688 353 1749 Mucius
390 1685 527 1747 Scaevola
563 1686 696 1765 pontifex
727 1687 852 1748 Vestalis
890 1686 1041 1766 amplexus
1079 1706 1145 1747 aras

81 1789 115 1837 aa
135 1784 248 1839 tantum
285 1795 345 1837 non
382 1776 486 1836 eodem
522 1778 591 1853 igne
628 1775 778 1854 sepelitur.
842 1775 1020 1855 Lamponius
1057 1783 1145 1855 alque

135 1866 302 1945 Telesiam,
327 1865 490 1925 Samnitum
514 1865 618 1945 duces,
641 1867 771 1925 atrocius
794 1864 906 1945 Pyrrho
930 1872 960 1925 et
982 1863 1146 1924 Hannibale

135 1954 322 2034 Campaniam
342 1952 550 2032 Etruriamque
568 1946 752 2032 'populantur
773 1962 802 2014 et
822 1953 876 2014 sub
897 1955 995 2032 specie
1016 1955 1146 2031 partium

207 2148 220 2195 1
242 2142 373 2196 calendas
393 2143 423 2211 (k
441 2159 500 2209 sup.
519 2159 533 2195 c
551 2161 584 2197 m.
601 2146 627 2213 1)
642 2143 676 2197 Ν
691 2142 825 2198 calendas
839 2144 866 2196 L
881 2147 885 2210 1
902 2142 1053 2213 septimam
1066 2144 1093 2196 L
1107 2147 1146 2212 12

135 2211 291 2266 consularis
313 2213 336 2267 0
355 2217 364 2281 11
387 2213 565 2267 snorbaano
585 2215 673 2280 (erasa
692 2214 741 2284 bi)
761 2214 860 2282 quinto
880 2230 953 2269 cons.
973 2215 1006 2267 N
1020 2214 1147 2269 norbano

136 2282 234 2352 quinto
250 2282 422 2337 consulessL
436 2285 445 2353 11
459 2288 476 2335 4
489 2282 555 2336 hinc
570 2285 599 2352 (n
612 2302 671 2354 sup.
686 2288 764 2355 uera.)
776 2286 802 2338 L
815 2287 825 2354 11
839 2289 854 2337 5
869 2284 935 2338 inde
945 2292 1009 2354 post
1021 2285 1148 2355 legiones

135 2356 199 2409 add.
211 2355 238 2408 Β
246 2354 273 2422 G,
289 2356 339 2408 dcl.
350 2356 478 2420 Iahuius,
492 2357 523 2408 iu
534 2356 619 2422 atque
628 2358 744 2410 ululavit
756 2356 968 2424 Freinshemius,
981 2358 1013 2410 iu
1022 2359 1051 2410 et
1062 2357 1149 2412 Grae·

135 2427 197 2480 uius
222 2431 226 2492 1
251 2424 532 2495 undequinquaginta
551 2425 683 2481 Halmius
705 2425 881 2494 πεντήκοντα
902 2427 951 2480 καὶ
968 2425 1149 2496 τετρακοσίας

136 2493 251 2565 σπείρας
265 2498 361 2550 omisso
380 2499 516 2567 lepiouum
529 2514 641 2552 uumero
655 2498 823 2552 Plutarchus
838 2498 916 2558 mua
929 2496 966 2552 27
983 2497 987 2571 Ι
1002 2500 1149 2554 *astarent

136 2568 170 2622 N
179 2570 218 2638 116
234 2567 300 2621 silla
310 2568 336 2621 L
350 2570 359 2638 11
374 2576 387 2620 7
403 2568 477 2622 ferus
491 2568 530 2638 01
545 2567 692 2622 insillanos
702 2570 761 2623 BL
776 2568 931 2623 insullanos
942 2570 1148 2639 (priorlsupra

135 2657 241 2695 versum
259 2658 293 2695 m.
309 2641 336 2709 1)
355 2640 388 2693 N
405 2642 408 2708 1
429 2638 532 2693 marios
551 2641 578 2708 1ο
596 2642 628 2693 iu
645 2655 666 2694 v
683 2643 800 2696 mutauit
818 2659 852 2694 m.
868 2643 895 2709 1)
914 2640 948 2693 N
961 2642 970 2709 11
989 2645 1004 2692 8
1025 2639 1099 2694 sulla
1118 2641 1152 2694 N

137 2711 201 2765 silla
215 2712 242 2766 L
258 2716 262 2780 1
279 2711 400 2780 primum
416 2711 455 2780 Ol
471 2713 541 2780 aput
559 2713 582 2780 (t
599 2712 631 2764 iu
649 2711 667 2764 d
686 2715 803 2782 mutata)
818 2712 847 2764 Β
866 2711 943 2780 apud
958 2712 984 2764 L
1002 2714 1011 2781 11
1029 2719 1044 2766 9
1065 2728 1148 2766 amne

136 2786 164 2853 (a
182 2802 215 2837 m.
233 2788 248 2836 1
268 2786 299 2837 iu
317 2786 429 2851 rasura)
448 2782 482 2835 N
500 2787 509 2852 1
532 2787 566 2834 10
585 2782 674 2835 omnis
693 2783 722 2835 Β
739 2784 789 2838 del.
805 2783 937 2837 Halmius
958 2786 962 2851 1
983 2783 1148 2837 hostentata

135 2855 164 2907 Β
177 2859 186 2921 11
201 2860 232 2907 11
253 2870 422 2923 oppraessae
436 2854 463 2907 Β
482 2869 613 2923 oppresse
627 2853 654 2905 L
672 2855 681 2921 11
700 2859 732 2906 12
751 2852 870 2927 nemulti
885 2854 911 2906 L
927 2853 931 2925 1
944 2861 1007 2922 post
1024 2853 1149 2923 perirent

135 2928 216 2981 uerba
227 2944 256 2995 p.
269 2932 313 2994 69,
323 2930 422 2993 1-81,
432 2929 466 2978 13
481 2927 579 2978 omissa
590 2927 671 2993 pouit
687 2924 710 2978 0
723 2930 726 2989 1
744 2925 914 2978 anticessum
928 2925 962 2978 N
972 2925 1149 2979 anticensum

136 2996 163 3049 L
178 3000 233 3065 113
253 2996 417 3067 sanguinem
438 2995 484 3063 011
506 2999 538 3047 15
558 2997 694 3063 quantum
712 2994 742 3049 id
761 2999 789 3050 Β
804 2995 872 3064 quid
893 2995 925 3050 0:
945 2998 1149 3051 comminius

136 3071 274 3135 quantum
287 3067 343 3120 fuit
357 3068 489 3122 Halmius
502 3068 640 3134 quantum
652 3066 717 3119 inde
731 3066 856 3134 Opimius
871 3066 875 3138 1
891 3065 996 3120 idcirco
1006 3068 1034 3120 Β
1050 3071 1054 3137 1
1069 3067 1149 3136 peni-

18 3163 21 3167 ·
135 3139 261 3192 tentibus
275 3140 303 3192 Β
320 3137 484 3207 patentibus
501 3137 532 3191 G:
552 3140 659 3192 correul
675 3136 867 3206 penetralibus
880 3139 999 3192 Iahnius
1013 3140 1022 3207 11
1037 3144 1070 3192 16
1085 3155 1149 3192 cum

133 3218 195 3278 post
209 3227 275 3263 nam
289 3212 353 3264 add.
368 3210 406 3279 01
423 3208 546 3262 uestales
563 3209 606 3279 011
620 3214 652 3263 17
668 3208 812 3277 sepellitur
826 3212 958 3278 (priorem
971 3210 982 3263 l
996 3227 1055 3279 cup.
1071 3229 1105 3265 m.
1121 3214 1148 3279 1)

137 3281 167 3353 Βι
184 3280 318 3350 sepelitur
335 3283 345 3350 (
347 3283 482 3350 posterior
500 3296 515 3333 e
534 3297 602 3335 corr.
621 3297 655 3334 eu
672 3278 693 3348 1)
712 3280 739 3333 L
754 3285 758 3349 1
774 3279 864 3334 lucius
883 3280 1031 3349 amponius
1046 3282 1074 3335 Β
1087 3282 1149 3335 Iam

136 3351 237 3420 penius
256 3353 295 3420 L,
319 3354 352 3419 cf.
367 3353 516 3422 Appiauus
535 3353 592 3406 bell.
608 3352 754 3419 cie.140‚·
772 3356 822 3419 41,·
840 3358 892 3419 90;
906 3357 957 3419 93;
980 3354 1149 3408 Plutarchus

137 3423 216 3478 Sulla
231 3431 278 3490 29,
296 3425 366 3478 alios
387 3429 396 3492 1
420 3429 452 3477 18
466 3423 569 3491 pyrrho
588 3423 617 3491 <h
635 3440 721 3492 supra
737 3440 830 3477 uerum
848 3441 882 3478 m.
898 3424 924 3489 1)
944 3423 978 3477 Ν
991 3440 1075 3492 pyrro
1094 3425 1121 3477 L
1143 3435 1145 3495 1

135 3493 280 3547 annibalis
299 3496 445 3564 (posterior
462 3494 473 3546 l
491 3497 580 3562 erasa)
599 3494 627 3546 Β
640 3500 649 3560 11
667 3499 696 3547 19
716 3492 889 3562 sturiamque
903 3494 930 3547 Β
946 3496 950 3563 1
967 3494 1060 3564 specie
1081 3497 1150 3563 (oir-

113 3565 191 3629 „aula
207 3568 301 3636 erasa)
316 3565 435 3636 parium
451 3565 568 3638 parium
587 3582 617 3620 se
633 3563 806 3620 uindicando
825 3566 851 3618 B
