2436 3826
501 189 611 240 FLORI
629 188 789 239 EPITOMA

359 440 523 500 XXXVIIII.
556 439 706 500 BELLVM
728 439 926 499 THRACIVM.

38 580 123 661 111‚4
203 582 275 642 Post
297 583 486 663 Macedonas,
515 585 540 642 si
565 583 610 642 dis
633 580 743 662 placet,
772 581 901 640 Thraces
925 580 1084 660 rebellant,
1108 581 1151 641 illi

137 672 286 750 quondam
318 670 469 731 tributarii
496 670 704 748 Macedonum,
736 688 792 729 neo
823 671 855 729 iu
882 671 1033 748 proximas
1061 670 1149 729 modo

135 763 304 840 provincias
323 762 455 819 contenti
473 762 637 839 incurrere,
658 757 840 818 Thessaliam
860 765 948 836 atque
967 757 1150 838 Dalmatiam,

136 851 167 908 in
190 849 393 908 Hadriaticum
416 866 497 907 mare
520 866 615 925 usque
639 855 797 927 venerunt3
820 865 915 925 eoque
939 847 997 906 line
1017 849 1151 907 contenti
1176 860 1188 900 5

137 939 222 1014 quasi
254 939 469 995 interveniente
502 941 607 995 natura
642 942 776 995 contorta
803 937 835 994 in
862 937 942 1014 ipsas
970 953 1061 1013 aquas
1093 935 1150 996 tela

101 1026 290 1084 amiserunt.
336 1022 412 1083 nihil
444 1026 564 1083 interim
593 1042 649 1103 per
676 1024 706 1083 id
735 1042 820 1082 omne
848 1030 967 1103 tempus
995 1024 1151 1084 residuum

137 1111 321 1172 crudelitatis
349 1113 406 1171 luit
432 1114 464 1170 in
492 1115 623 1191 captivos
652 1111 863 1172 saevientibus:
892 1111 977 1171 litare
1001 1112 1059 1171 diis
1084 1130 1150 1172 san-

136 1203 225 1279 guine
253 1200 395 1280 humano,
422 1199 526 1260 bibere
554 1204 586 1260 in
610 1201 727 1261 ossibus
752 1202 895 1281 capitum,
923 1201 1151 1278 cuiusquemodi

135 1288 273 1348 ludibriis
304 1289 422 1349 foedare
456 1296 583 1349 mortem
614 1297 674 1350 tam
706 1292 769 1367 igni
802 1307 890 1367 quam
918 1289 1012 1368 fumo,
1044 1295 1148 1367 partus
1164 1304 1188 1342 10

99 1391 115 1438 3
136 1396 253 1456 quoque
277 1378 463 1456 gravidarum
487 1378 646 1438 mulierum
670 1385 848 1456 extorquere
871 1378 1038 1437 tormentis.
1086 1396 1149 1438 sae-

134 1469 250 1526 vissimi
279 1469 412 1526 omnium
439 1467 587 1526 Thracum
614 1467 765 1526 Scordisci
793 1467 889 1545 luere,
923 1466 975 1525 sed
1004 1465 1149 1526 calliditas

99 1566 255 1635 equoque
283 1555 319 1615 ad
347 1554 439 1615 robur
467 1562 645 1615 accesserat:
674 1554 814 1614 silvarum
843 1561 872 1614 et
898 1556 1045 1614 montium
1073 1557 1149 1614 situs

135 1663 202 1704 cum
235 1645 354 1722 ingenio
388 1642 620 1704 consentiebant.
666 1645 766 1721 itaque
796 1661 856 1702 non
884 1643 968 1703 lusus
995 1643 1083 1702 modo
1112 1643 1149 1702 ab

133 1732 181 1792 his
205 1740 256 1793 aut
278 1734 409 1813 fugatus,
433 1732 485 1792 sed
509 1766 551 1773 —
576 1731 671 1791 simile
694 1731 830 1810 prodigio
854 1766 896 1773 —
921 1733 1042 1790 omnino
1065 1737 1186 1792 totus1⁵

99 1823 319 1900 ainterceptus
350 1823 499 1881 exercitus
528 1839 616 1898 quem
645 1820 769 1880 duxerat
797 1820 876 1880 Cato.
928 1820 1031 1880 Didius
1059 1838 1149 1898 vagos

135 1917 165 1970 et
192 1910 285 1970 libera
312 1909 502 1988 populatione
531 1910 655 1969 diliusos
684 1911 762 1968 intra
790 1927 874 1968 suam
901 1907 1032 1988 reppulit
1054 1908 1148 1968 Thra-

135 2000 219 2058 ciam.
265 1997 379 2058 Drusus
406 1997 533 2057 ulterius
561 2000 622 2075 egit
650 2004 679 2057 et
704 2000 798 2057 vetuit
821 1998 949 2057 transire
973 1995 1147 2056 Danuvium.

134 2085 281 2145 Minucius
304 2093 367 2145 toto
390 2088 514 2144 vastavit
531 2084 640 2164 Hebro,
663 2086 765 2146 multis
786 2086 906 2165 quidem
926 2087 1052 2164 amissis,
1077 2085 1148 2146 dum

206 2278 220 2323 1
243 2286 302 2324 nnn
325 2286 390 2326 num
413 2273 487 2340 (post
505 2275 628 2341 priorem
650 2287 669 2326 n
692 2291 771 2327 eroso
793 2275 822 2342 n)
846 2286 1051 2328 rmamoum
1074 2275 1148 2342 (pri-

133 2359 192 2397 mae
210 2348 265 2396 trec
283 2344 389 2397 litterae
408 2344 519 2412 liparae)
533 2344 567 2396 N
579 2346 583 2412 1
600 2356 780 2398 rflnnmcvm
795 2367 837 2398 m.
852 2345 879 2398 L
897 2346 906 2413 11
927 2350 943 2397 2
964 2344 1003 2396 sic
1020 2345 1046 2412 (c
1059 2361 1147 2425 supra

133 2430 240 2468 versum
256 2430 290 2467 m.
311 2416 338 2482 1)
356 2414 384 2466 Β
405 2415 409 2482 1
430 2412 484 2466 diis
505 2413 544 2482 01
561 2413 740 2468 rebellabant
760 2414 800 2484 01
816 2414 872 2484 ipsi
892 2414 975 2485 0114
993 2414 1148 2468 thersham

132 2483 161 2537 B
177 2485 181 2552 1
198 2485 283 2551 atque
302 2486 325 2553 (t
342 2503 375 2538 m.
392 2492 408 2538 1
422 2491 542 2539 correcto
560 2503 593 2539 err
608 2486 637 2555 d)
656 2486 690 2540 N
699 2487 708 2554 11
723 2490 738 2537 5
754 2485 924 2539 adriaticum
938 2486 967 2540 B
984 2488 988 2554 1
1003 2484 1147 2540 irruerunt

133 2554 170 2608 N.
190 2556 325 2610 Heinsius
341 2558 344 2624 1
360 2555 410 2608 fini
429 2558 615 2624 (posteriorem
633 2556 644 2609 i
661 2559 693 2610 im
712 2573 727 2609 e
745 2559 861 2612 protavit
878 2574 912 2612 m.
928 2560 955 2626 3)
975 2556 1009 2610 N
1021 2558 1025 2624 1
1040 2557 1146 2611 retenti

135 2624 270 2681 Groeoim
293 2625 411 2680 cohibiti
429 2629 592 2682 Perizonius
615 2626 784 2681 continentis
810 2627 1073 2683 memorareris
1096 2630 1106 2696 11
1129 2633 1146 2680 6

132 2699 275 2751 contortas
298 2699 332 2752 N
348 2701 357 2767 11
382 2703 396 2751 7
419 2697 583 2767 peridomne
606 2699 633 2751 L
659 2697 740 2767 perdi
763 2715 845 2753 omne
869 2699 903 2752 N
921 2714 972 2766 per
994 2697 1145 2766 imperium

133 2771 221 2824 donec
239 2770 267 2822 Β
290 2771 294 2837 1
314 2768 408 2823 residu
427 2772 456 2838 (v
474 2786 560 2838 supra
578 2774 597 2822 ῑι
615 2771 672 2824 loco
691 2771 806 2824 eoamido
823 2771 958 2824 incertum
976 2786 1031 2838 qma
1049 2772 1145 2837 mmmm)

132 2841 166 2895 N
180 2842 189 2909 11
208 2847 223 2894 8
243 2839 405 2893 crudelitati
418 2843 446 2894 Β
462 2843 466 2909 1
483 2839 526 2892 dis
541 2840 576 2893 N
588 2843 591 2908 1
608 2839 774 2909 sanguinem
790 2841 862 2909 0119
881 2840 1004 2894 humano
1019 2840 1147 2909 (tmpro

132 2929 148 2966 o
166 2929 200 2966 m.
220 2914 249 2979 2)
268 2911 302 2965 N
316 2911 470 2963 humanum
488 2911 515 2963 L
531 2914 535 2980 1
551 2910 640 2964 libere
658 2911 685 2963 L
702 2913 706 2980 1
723 2910 801 2964 cuius
821 2910 932 2964 cemodi
951 2911 977 2964 L
997 2912 1006 2979 11
1031 2917 1061 2964 11
1082 2927 1145 2980 gra-

131 2981 214 3035 uidai
228 2982 263 3035 N
276 2981 411 3050 grauidar
429 2984 456 3050 (i
474 2999 561 3050 supra
570 2984 746 3050 posteriorem
760 2984 783 3050 r)
798 2982 831 3035 N
834 2982 844 3011 ²
862 2985 865 3051 1
881 2981 1033 3036 mulierum
1052 2983 1146 3050 (prior

131 3071 150 3106 u
173 3059 293 3108 correcto
315 3070 349 3107 em
371 3069 386 3106 e
409 3070 443 3107 m.
463 3055 490 3121 1)
509 3052 537 3104 Β
559 3055 568 3122 11
592 3057 625 3105 13
650 3051 789 3106 Siluarum
812 3053 839 3105 L
865 3055 868 3121 1
894 3069 1005 3121 quoque
1029 3059 1093 3106 oute
1116 3054 1146 3105 et

131 3126 194 3180 odd.
215 3124 242 3177 L
255 3126 264 3192 11
284 3128 318 3176 14
336 3122 550 3177 consentiebant
569 3125 660 3191 (tertio
678 3141 799 3192 usupra
817 3127 935 3192 cerame)
952 3125 981 3176 Β
997 3125 1001 3192 1
1016 3122 1096 3176 fusus
1116 3125 1146 3192 (q

127 3202 192 3264 post
211 3197 388 3263 posteriorem
407 3211 419 3247 s
438 3196 536 3263 deleto)
556 3194 584 3246 B
606 3196 610 3262 1
636 3193 717 3247 abhis
738 3194 767 3264 (h
785 3211 872 3263 cupra
889 3211 996 3250 cerrum
1012 3212 1047 3249 m.
1067 3196 1097 3263 2)
1116 3193 1151 3248 N

130 3266 213 3319 hahis
232 3266 259 3318 L
282 3267 291 3334 11
316 3271 347 3318 15
368 3264 455 3318 simili
472 3266 532 3319 BL
555 3264 642 3318 simili
662 3268 754 3335 (prior
772 3282 785 3317 s
804 3272 954 3334 expuncta,
976 3267 1024 3320 sed
1037 3271 1147 3345 parieta

131 3339 220 3405 erosa)
235 3337 277 3391 N:
296 3353 425 3417 cormop.
447 3337 456 3405 11
480 3341 513 3389 17
529 3353 610 3417 suum
623 3337 651 3389 Β
667 3339 671 3405 1
687 3335 813 3418 thaciam
826 3338 854 3390 Β
873 3338 883 3405 11
903 3342 935 3390 18
955 3335 1146 3404 danib1um(v

130 3425 217 3544 iiia
229 3411 390 3546 iiiiii
399 3407 681 3558 initient*
695 3407 921 3547 iiiiiiafliiei
936 3411 1146 3545 limittit

106 3553 182 3613 porr
198 3548 357 3604 danuuium
373 3551 405 3606 B
415 3551 428 3622 11
444 3556 476 3606 19
495 3548 640 3606 ammrssis
659 3551 749 3621 (prior
766 3568 799 3602 m
813 3551 950 3617 transduco
967 3555 993 3603 et
1009 3550 1103 3617 eroco)
1117 3548 1146 3600 Β
