2436 3826
143 181 205 246 128
503 182 614 233 FLORI
630 180 791 232 EPITOMA

141 351 205 409 eius
229 347 410 408 descendere
433 345 548 405 radices
568 354 598 407 et
617 347 698 406 exitu
716 348 813 406 inviso
832 345 907 405 nihil
925 345 982 406 tale
1003 348 1152 424 opinantis

106 438 226 498 educis
259 436 356 497 subito
389 437 502 514 impetu
534 442 631 495 castra
662 442 840 515 rapuerunt,
877 434 947 494 inde
980 434 1154 516 Vareniana,

142 527 282 604 deinceps
305 525 448 604 Thorani3
471 530 623 602 totamque
645 531 843 602 pervagantur
867 523 1071 606 Campaniam,
1098 543 1154 585 nec

140 615 276 675 villarum
303 621 391 692 atque
419 615 552 673 vicorum
579 615 742 674 vastatione
772 614 904 673 contenti
932 611 1036 672 Nolam
1064 621 1153 692 atque

140 703 312 784 Nuceriam,
339 703 467 762 Thurios
491 709 578 780 atque
601 701 802 780 Metapontum
826 700 955 762 terribili
979 709 1077 780 strage
1100 721 1154 781 po·
1179 724 1190 765 s

107 792 290 872 epulantur.
345 790 544 852 adfluentibus
581 793 612 851 in
645 792 725 851 diem
757 793 851 869 copiis
883 809 951 850 cum
983 793 1053 850 iam·
1076 799 1156 852 esset

142 885 239 942 iustus
263 883 425 960 exereitus,
454 898 470 939 e
493 879 654 939 viminibus
677 880 883 958 pecudumque
907 883 1086 957 tegumentis
1110 882 1155 940 in-

142 970 276 1030 conditos
301 968 359 1029 sibi
383 968 493 1046 clipeos
517 975 547 1028 et
570 968 649 1028 ferro
669 968 885 1046 ergastulorum
903 976 1022 1029 recocto
1042 968 1155 1048 gladios

107 1071 175 1120 tac
203 1057 261 1118 tela
289 1059 432 1117 lecerunt.
478 1075 512 1116 ac
540 1075 578 1116 ne
607 1057 685 1135 quod
712 1058 803 1118 decus
826 1060 904 1117 iusto
928 1057 1046 1118 deesset
1070 1076 1155 1118 exer-

141 1149 226 1227 citui,
261 1146 381 1206 domitis
420 1144 514 1205 obviis
547 1147 636 1206 etiam
668 1145 808 1224 gregibus
840 1153 962 1224 paratur
994 1148 1192 1227 equitatus,1o

141 1243 283 1315 captaque
321 1235 357 1295 de
394 1234 582 1313 praetoribus
619 1237 747 1314 insignia
784 1243 813 1295 et
850 1236 945 1295 fasces
978 1235 1013 1296 ad
1045 1235 1154 1295 ducem

95 1337 123 1386 ,8
143 1324 284 1385 detulere.
334 1343 390 1384 nec
420 1322 523 1384 abnuit
550 1322 599 1383 ille
629 1323 664 1383 de
693 1324 887 1402 stipendiario
916 1323 1029 1384 Thrace
1056 1323 1154 1405 mileS,

142 1415 178 1474 de
201 1413 295 1475 milite
319 1413 463 1493 desertor,
488 1412 557 1472 inde
581 1411 665 1493 latro,
689 1412 796 1473 deinde
820 1412 1018 1473 inhonorem
1041 1415 1153 1473 virium

105 1517 121 1566 9
141 1503 291 1582 gladiator.
329 1503 381 1581 qui
404 1502 611 1562 defunctorum
636 1520 754 1581 quoque
778 1500 891 1580 proelio
916 1502 1024 1562 ducum
1048 1502 1153 1562 funera

141 1593 340 1672 imperatoriis
371 1589 530 1651 celebrarit
557 1593 692 1670 exequiis
721 1593 911 1669 captivosque
940 1593 1020 1650 circa
1047 1609 1191 1670 regumn

141 1684 230 1742 iussit
249 1683 339 1741 armis
359 1681 538 1760 depugnare,
562 1682 647 1759 quasi
664 1678 750 1759 plane
771 1683 942 1758 expiatmus
962 1697 1048 1740 omne
1067 1699 1153 1759 prae·

139 1772 262 1832 teritum
300 1769 442 1849 dedecus,
479 1771 505 1828 si
542 1768 578 1828 de
615 1768 775 1847 gladiatore
812 1770 1001 1829 munerarius
1039 1769 1152 1830 luisset.

89 1873 121 1922 10
140 1860 210 1920 inde
251 1863 310 1920 iam
351 1857 522 1918 consulares
559 1876 676 1937 quoque
714 1858 871 1937 adgressus
909 1860 940 1918 in
976 1858 1153 1937 Appennino

141 1947 260 2009 Lentuli
293 1949 456 2008 exercitum
488 1947 664 2027 perceeidit,
697 1947 774 2026 apud
807 1947 949 2008 Mutinam
983 1946 1036 2007 Gai
1069 1946 1153 2007 Cassi

90 2050 122 2099 11
142 2045 238 2098 castra
261 2035 377 2096 delevit.
424 2034 533 2114 quibus
556 2034 651 2095 elatus
674 2037 808 2097 victoriis
832 2036 867 2097 de
891 2035 1054 2096 invadenda
1078 2035 1152 2096 urbe
1166 2059 1191 2098 so

211 2284 225 2331 1
254 2276 386 2348 inidiuiso
413 2278 441 2331 Β
469 2275 554 2329 inuno
584 2276 616 2331 G:
645 2293 713 2332 corr.
732 2277 850 2348 Pighius
873 2276 1003 2332 Herculis
1026 2276 1153 2332 Prodicii

136 2368 166 2420 p.
185 2353 240 2403 469
263 2347 339 2402 invio
363 2365 402 2418 cp
422 2347 538 2402 invento
559 2347 798 2429 Freudeuberpius
819 2347 885 2402 inde
908 2347 969 2402 viso
988 2350 1153 2416 Biusfeidus

139 2436 206 2475 urus
225 2420 312 2474 Rieu
332 2420 431 2500 XXII
442 2421 541 2488 (1867)
552 2436 582 2488 p.
598 2421 653 2473 310
677 2421 681 2488 1
707 2418 855 2488 opinantes
876 2420 904 2474 Β
926 2423 936 2489 1
958 2425 974 2473 2
997 2419 1069 2474 Jnde
1094 2418 1152 2473 alia

141 2492 236 2544 eastra
256 2489 426 2543 nareniana
437 2491 532 2544 eastra
551 2489 681 2572 deinceps
700 2438 743 2544 Bp
746 2489 812 2545 inde
830 2489 889 2544 alia
907 2493 1001 2546 castra
1020 2490 1152 2560 deinceps

144 2563 177 2618 O:
200 2578 269 2617 corr
284 2561 425 2632 Scioppius
443 2560 509 2616 inde
528 2559 587 2615 alia
604 2561 652 2615 via
670 2560 832 2616 Vareniana
852 2563 1090 2633 Freudeuberqius
1107 2564 1117 2632 11
1136 2567 1152 2614 3

140 2632 240 2688 borani
258 2633 292 2687 N
305 2635 315 2699 11
333 2638 350 2686 4
369 2633 461 2701 adque
479 2633 514 2687 N
529 2635 533 2703 1
554 2632 747 2687 uastationnm
765 2634 792 2687 L
807 2636 812 2705 1
827 2632 914 2687 nolan
926 2634 955 2687 Β
973 2636 982 2703 11
1001 2638 1016 2686 5
1035 2633 1152 2688 mauros

140 2707 169 2760 Β
186 2703 274 2758 turios
295 2703 319 2759 0
340 2707 344 2766 1
368 2707 444 2758 meta
462 2706 590 2774 pomtum
607 2705 635 2758 L
656 2707 666 2775 11
689 2711 704 2760 6
724 2704 911 2759 Affluentibns
930 2706 957 2758 L
981 2708 986 2774 1
1011 2707 1105 2758 essent
1123 2706 1153 2773 (n

140 2779 225 2832 erasit
242 2793 277 2831 ιιι.
292 2777 319 2845 1)
337 2776 366 2829 Β
385 2777 395 2846 11
416 2782 431 2829 8
451 2775 477 2828 ol
477 2788 564 2845 ypeos
583 2777 617 2830 N
629 2780 633 2844 1
650 2774 733 2830 effero
752 2776 779 2828 L
797 2792 832 2830 ex
849 2775 923 2829 ferro
942 2775 1074 2830 Halmius
1090 2777 1125 2899 {L
1109 2791 1152 2829 re·

141 2848 269 2904 coessto
288 2848 358 2916 (to
346 2865 378 2901 au
395 2864 497 2902 rosana
514 2865 548 2901 m.
565 2849 591 2916 1)
609 2847 644 2900 Ν
662 2846 667 2918 1
691 2846 802 2916 gladios
821 2846 947 2929 (isupru
964 2846 1125 2916 uersuu)L
1143 2846 1153 2916 11

142 2925 157 2972 9
177 2918 298 2973 dedecus
316 2918 345 2971 Β
365 2917 370 2990 1
391 2922 425 2971 10
442 2917 514 2971 ouiis
530 2905 559 2970 L
579 2849 591 2987 1)
604 2916 692 2971 etiam
710 2934 759 2972 ou.
776 2916 800 2972 G
812 2920 820 2998 1
832 2916 965 2999 gregisus
984 2919 1014 2986 (Β
1032 2923 1153 2972 correcta

138 3008 173 3046 eu
190 2990 210 3060 l)
229 2990 256 3044 L
272 2993 276 3056 1
292 2991 428 3059 parantur
440 2990 469 3043 Β
482 2992 491 3057 11
505 2994 537 3041 11
558 2987 689 3070 captique
704 2988 731 3042 L
746 2987 775 3058 1
766 2987 891 3058 1nsignia
909 2986 1045 3057 (ultima
1036 3006 1047 3041 1
1064 3004 1152 3057 supra

139 3079 245 3118 uersum
263 3078 297 3114 m.
312 3062 339 3129 1)
358 3061 391 3113 N
410 3061 420 3129 11
443 3065 476 3114 12
495 3058 595 3113 abnuit
614 3059 643 3128 (b
662 3065 782 3115 correus
799 3077 833 3115 eu
849 3062 879 3129 n)
893 3060 921 3114 Β
941 3063 945 3130 1
968 3059 1082 3114 trhace
1096 3059 1151 3111 L''
1142 3088 1144 3127 Ι

140 3139 173 3186 13
201 3131 267 3186 inde
295 3130 368 3185 latro
394 3131 417 3185 0
439 3130 548 3185 delatro
571 3131 599 3212 Β
623 3131 658 3184 ds
681 3130 821 3184 desertore
843 3130 916 3185 latro
940 3132 1124 3187 Mommseuus
1145 3131 1149 3203 1

138 3204 256 3259 honore·
277 3203 471 3271 οον(.Β(1ι(1.1
490 3208 524 3255 14
547 3201 615 3270 quia
632 3202 661 3255 Β
679 3200 728 3270 qui
749 3201 855 3270 anin
874 3203 1080 3258 Freinshemius
1093 3205 1102 3270 11
1117 3205 1152 3256 15

139 3275 339 3344 imperatorum
353 3275 380 3328 Β
396 3275 400 3342 1
417 3272 556 3342 exsequiis
570 3274 599 3326 Β
620 3274 630 3343 11
653 3278 686 3327 16
706 3272 881 3342 depugnaret
899 3275 967 3342 (et
956 3292 988 3328 iu
1006 3275 1153 3329 emutauii

138 3364 173 3402 m.
192 3349 219 3416 1)
238 3347 266 3400 Β
288 3349 297 3416 11
321 3349 354 3398 17
373 3348 535 3399 munerator
555 3344 578 3399 0
599 3344 604 3416 1
628 3345 689 3398 tum
711 3351 774 3399 aute
792 3343 893 3399 fuisset
910 3346 975 3400 add.
989 3347 1018 3400 Β
1035 3345 1152 3398 bustum

138 3417 221 3471 fecis
218 3419 253 3471 et
269 3418 388 3471 Ialmius
408 3418 417 3486 11
439 3416 549 3470 181am
567 3432 617 3470 ou
632 3416 660 3469 L
675 3415 679 3488 1
696 3416 854 3470 consulares
875 3416 899 3471 0
911 3416 1082 3497 {aggressus
1097 3416 1125 3469 L
1146 3417 1149 3486 1

136 3488 186 3541 ina
182 3487 318 3560 ppeniino
337 3488 365 3541 Β
386 3488 396 3556 11
420 3492 453 3542 19
472 3485 595 3542 caecidit
611 3487 640 3540 Β
662 3492 666 3550 Ι
690 3488 759 3557 aput
777 3487 805 3540 Β
825 3492 829 3553 1
850 3486 990 3540 mutinam
1012 3486 1046 3555 (ti
1063 3503 1153 3556 utura

124 3573 234 3612 uersum
248 3577 281 3613 m,
297 3559 397 3630 111171
409 3558 495 3630 publi
509 3557 643 3630 OassiB,
660 3564 733 3615 oto
748 3558 811 3614 Isiu
823 3575 881 3628 per
894 3561 940 3624 96,
953 3557 1029 3613 Oros
1045 3558 1153 3625 Vsus

7 3686 22 3797 l
