2436 3826
142 187 184 250 28
506 188 615 240 FLORI
633 187 793 238 EPITOMA

108 352 229 413 ahellis
254 371 285 412 se
307 352 419 412 Latinis
443 351 664 412 adiunoxerant.
701 350 753 411 sed
777 350 867 411 Curio
887 350 1010 411 Dentato
1036 351 1161 412 consule

144 460 263 502 omnem
282 460 349 502 eum
369 447 504 522 tractum,
524 459 581 519 qua
600 440 660 500 Nar
679 440 753 498 Anio
772 440 869 501 sontes
884 438 989 520 Velini,
1007 438 1161 499 Hadriano

107 537 230 592 atauus
263 533 339 589 mari
371 531 434 607 igni
461 529 599 607 ierroque
627 530 758 588 vastarit.
806 547 863 606 qua
890 529 1014 588 victoria
1042 534 1161 588 tantum

116 616 309 698 hominum,
337 625 452 678 tantum
475 635 613 696 agrorum
637 617 789 677 redactum
813 619 844 677 in
867 623 1045 696 potestatem
1069 623 1105 676 ut
1128 618 1161 676 in

143 715 210 768 utro
233 706 300 786 plus
325 714 404 766 esset
427 724 483 766 neo
506 709 569 784 ipse
593 712 694 784 posset
718 707 875 765 aestimare
899 707 951 783 qui
973 706 1096 765 vicerat.
1185 717 1198 758 a

401 918 449 978 xl.
482 917 632 977 BELLVll
656 917 893 977 SAMNITICVM.

44 1064 47 1070 ’
92 1057 133 1122 16
211 1059 354 1119 Precibus
378 1057 484 1118 deinde
505 1057 680 1136 Campaniae
703 1066 803 1120 motus
827 1077 886 1119 non
909 1077 964 1139 pro
986 1077 1027 1140 se,
1051 1059 1106 1119 sed
1125 1078 1161 1120 eo

109 1161 124 1208 2
145 1150 311 1227 speciosius
338 1166 392 1225 pro
417 1148 506 1206 sociis
531 1147 678 1208 Samnitas
706 1147 826 1208 invadit.
873 1155 937 1208 erat
959 1147 1065 1208 foedus
1089 1166 1160 1208 cum

144 1240 278 1315 utrisque
307 1253 496 1316 percussum,
525 1236 578 1295 scd
605 1235 661 1296 hoc
690 1235 832 1316 Campani
859 1239 991 1297 sanctius
1020 1243 1050 1297 et
1072 1239 1159 1315 prius

144 1328 276 1385 omnium
309 1343 430 1385 suorum
463 1323 613 1384 deditione
645 1325 793 1406 lecerunt;
828 1327 871 1386 sic
904 1343 974 1404 ergo
1007 1321 1160 1386 Romanus
1174 1341 1199 1380 ιο

144 1413 253 1474 bellum
278 1414 473 1473 Samniticum
496 1420 647 1491 tamquam
671 1413 730 1473 sihi
753 1415 853 1491 gessit.

108 1515 124 1563 3
211 1502 350 1563 Omnium
382 1520 441 1561 non
473 1502 561 1561 modo
588 1500 703 1581 ltaliae,
736 1502 789 1561 sed
819 1509 880 1562 toto
909 1501 981 1562 orhe
1009 1509 1160 1563 terrarum

143 1590 344 1670 pulcherrima
376 1591 553 1669 Campaniae
586 1589 670 1669 plaga
702 1597 756 1650 est.
802 1589 877 1650 nihil
909 1589 1028 1650 mollius
1061 1590 1159 1651 caelo:

144 1679 272 1759 denique
309 1679 356 1740 his
393 1678 517 1739 rioribus
548 1687 660 1739 vernat.
713 1678 787 1738 nihil
819 1678 942 1739 nherius
976 1678 1053 1739 solo:
1089 1679 1160 1739 ideo

108 1779 126 1827 4
144 1767 245 1828 Liberi
260 1768 437 1846 Cererisque
458 1775 609 1828 certamen
628 1759 746 1828 dicitur.
784 1766 858 1826 nihil
876 1766 1160 1846 hospitaliusmari:
1175 1781 1200 1822 rc

143 1856 191 1916 hio
220 1856 263 1916 illi
291 1855 407 1916 nohiles
435 1862 539 1935 portus
563 1856 662 1916 Caieta
686 1855 832 1937 MisenuS,
860 1863 997 1935 tepentes
1024 1855 1161 1916 lontibus

47 2018 49 2022 p
109 1943 245 2024 5Baiae,
277 1944 424 2004 Lucrinus
458 1950 487 2003 et
517 1944 664 2025 Avernus,
697 1945 839 2023 quaedam
872 1947 964 2005 maris
997 1945 1064 2005 otia.
1111 1944 1161 2005 hio

144 2035 244 2093 amicti
271 2032 382 2092 vitibus
409 2039 525 2091 montes
549 2031 665 2092 Gaurus
692 2032 835 2093 Falernus
862 2033 1007 2094 Massicus
1036 2039 1066 2092 et
1094 2032 1162 2112 pul·

69 2174 73 2181 .
110 2121 311 2183 ocherrimus
331 2122 463 2179 omnium
482 2120 636 2201 Vesuvius,
656 2121 777 2182 Aetnaei
796 2123 874 2199 ignis
893 2124 1030 2182 imitator.
1070 2120 1162 2181 urbes

215 2275 236 2326 I
249 2282 260 2326 1
275 2272 351 2326 bello
365 2275 397 2326 c'n
410 2271 480 2325 belli
493 2275 610 2327 cantavit
619 2274 646 2327 L
661 2276 665 2343 Ι
682 2272 866 2327 adiuncxerat
875 2275 903 2328 B
918 2273 1106 2327 adiunxerant
1116 2274 1143 2327 L
1155 2275 1158 2342 l

145 2344 271 2397 demtato
291 2344 324 2398 N
343 2346 352 2414 ll
375 2349 391 2395 2
411 2342 489 2414 anio]
509 2343 571 2397 abit
589 2344 616 2398 L
638 2352 641 2410 Ι
665 2344 792 2398 fontesue
811 2343 864 2397 lini
882 2345 909 2398 B
928 2343 1019 2398 fontes
1039 2359 1094 2411 que
1114 2345 1162 2399 nol

144 2414 185 2467 ini
208 2413 307 2483 (uelini
329 2417 360 2468 iu
384 2432 445 2468 ntur
463 2417 508 2469 ine
531 2416 678 2484 adscripsit
699 2434 733 2470 nt.
753 2418 783 2484 2)
803 2416 836 2468 N
856 2414 1005 2483 fontesque
1026 2414 1115 2468 uclini
1134 2417 1162 2470 L

143 2488 178 2553 cs.
205 2486 370 2567 Vcrp.·Acn.
395 2485 439 2538 VI
471 2490 525 2540 517
549 2489 553 2555 1
579 2485 736 2540 hadriatico
763 2487 858 2539 tentus
882 2486 916 2539 N
940 2485 1161 2540 hadriacotenus

143 2557 170 2610 L
193 2558 202 2626 ΙΙ
225 2562 326 2626 31gne
346 2556 370 2611 G
391 2555 395 2627 l
420 2555 549 2624 ferroque
569 2558 661 2625 (prior
678 2575 692 2610 r
709 2559 741 2611 c'a
758 2559 870 2626 rasura)
889 2559 917 2611 Β
937 2559 941 2626 l
962 2555 1092 2611 uastabit
1109 2559 1159 2630 ΒΙ

143 2629 257 2681 tantum
271 2627 416 2681 hominum
425 2645 475 2682 om.
486 2628 514 2680 B
527 2630 536 2697 ΙΙ
551 2635 567 2680 4
582 2629 626 2681 est
636 2635 700 2696 post
708 2627 855 2681 redactum
864 2629 927 2682 odd.
938 2628 966 2681 Β
980 2631 989 2698 ΙΙ
1004 2632 1019 2680 7
1033 2627 1161 2682 Praebus

143 2699 177 2752 N
191 2698 341 2754 Pitumnus
359 2702 388 2767 (n
402 2716 461 2768 sap.
476 2700 553 2767 ocra.)
568 2698 595 2751 L
611 2702 615 2763 Ι
632 2698 752 2767 denique
771 2700 798 2752 L
814 2703 818 2766 Ι
834 2715 867 2752 eo
887 2697 1040 2769 speciosius
1054 2715 1105 2754 om.
1120 2700 1162 2771 ΙΙΙ

142 2776 158 2824 8
179 2769 322 2839 speciosus
343 2770 371 2822 Β
392 2771 395 2839 l
417 2768 545 2822 samnitas
563 2770 590 2822 L
610 2769 614 2842 Ι
635 2768 741 2823 inuasit
760 2770 805 2832 Ll
828 2771 936 2823 erat-
952 2768 1041 2839 gessit
1059 2771 1094 2838 (o.
1113 2774 1160 2840 11)

143 2858 192 2896 om.
208 2844 229 2895 I
239 2844 248 2911 ΙΙ
263 2847 297 2894 10
316 2839 489 2894 deditionem
503 2841 531 2894 Β
544 2841 554 2909 ΙΙ
568 2846 601 2893 11
620 2842 756 2909 tanquam
769 2840 796 2893 L
809 2842 819 2909 l
835 2846 866 2893 12
885 2856 1007 2908 namque
1026 2847 1090 2895 autc
1103 2856 1162 2896 non

143 2914 205 2967 add.
222 2914 243 2965 Ι
255 2910 374 2981 {italiae
393 2912 505 2964 tantum
524 2911 574 2964 sed
592 2927 663 2979 pene
682 2912 743 2965 toto
758 2912 779 2963 I
788 2912 798 2980 ΙΙ
813 2915 845 2963 13
863 2910 1029 2979 pulcherma
1046 2912 1079 2964 in
1096 2913 1160 2980 pul·

143 2983 282 3036 cherrima
305 2985 422 3037 mutavit
441 2980 475 3034 N
479 2983 488 3012 ¹
502 2984 520 3050 ll
543 2986 577 3050 lt
601 2981 663 3053 aglo
686 2985 718 3036 in
736 2981 796 3035 solo
815 2985 932 3036 mutavit
951 2983 977 3035 L
997 2983 1002 3050 Ι
1027 2980 1112 3036 ibdeo
1131 2983 1161 3052 (b

141 3053 424 3180 {titillata-‘iil
439 3052 466 3192 l
482 3051 1163 3193 lt¹tt¹ttttttttttttffih¹ilitti

142 3197 275 3250 Iordanis
293 3196 352 3249 cdd.
368 3195 493 3248 Hetdeto.
509 3195 604 3249 Patet:
617 3195 725 3249 Votcnc.
746 3193 845 3264 gaieaa
858 3196 991 3249 Iordanis
1009 3195 1067 3250 cod.
1079 3196 1162 3250 'Lou-

141 3273 210 3320 reat.
236 3269 240 3336 Ι
265 3281 393 3319 mesenos
421 3267 443 3318 Ι
463 3269 467 3332 Ι
493 3265 521 3318 et
549 3272 611 3319 ante
634 3266 762 3333 tepentes
791 3267 854 3320 odd.
880 3265 904 3319 0
925 3267 934 3334 ΙΙ
958 3271 990 3318 17
1018 3264 1162 3321 lucricnus

143 3339 330 3404 (posteriorem
349 3353 364 3389 o
383 3338 519 3405 corporascit
536 3355 570 3390 ru.
591 3338 617 3404 1)
637 3336 686 3404 Nl
703 3335 778 3389 ostia
796 3336 823 3389 L
841 3335 935 3390 hostia
954 3337 976 3389 I
980 3337 1007 3459 p
1023 3341 1055 3389 18
1076 3336 1163 3392 amici

142 3408 170 3461 Β
186 3409 190 3475 Ι
207 3425 307 3461 caurus
326 3409 347 3461 1
357 3410 367 3477 ΙΙ
386 3412 419 3459 19
439 3406 575 3478 omnium]
595 3408 758 3460 cunctorum
777 3407 813 3478 11
830 3406 960 3461 ueseuius
1025 3407 1162 3463 ueaubius

141 3479 274 3532 Iordanis
300 3480 361 3533 cdd,
385 3479 511 3533 Hetoeto.
534 3479 628 3532 Polat.
657 3477 764 3532 Volcae.
788 3477 923 3532 besubius
946 3478 1080 3533 lordonis
1102 3481 1162 3536 cod.

124 3547 216 3600 lazar.
232 3548 380 3619 spthnaei
398 3549 428 3620 (h
447 3551 514 3607 add.
534 3568 570 3606 m.
589 3552 619 3622 2)
639 3549 673 3604 N
689 3548 791 3625 gairnei
810 3550 835 3602 L
853 3548 985 3602 attineri

32 3700 49 3749 h
