2436 3826
404 136 605 189 arimino
625 136 794 188 annonis
894 205 896 209 Ι
1015 132 1103 186 rara

91 307 147 363 aut
169 302 254 361 Flori
280 320 388 361 nomen
417 303 554 361 consulto
582 303 713 362 tacuerit
740 306 794 361 ant
823 301 935 362 oblitus
959 302 999 362 sit
1022 302 1103 378 apud

93 411 182 470 quem
211 391 388 451 historicum
415 391 499 449 illam
522 391 781 450 narratiunculam
803 391 922 469 legerit.
966 392 1104 450 buteriae

91 485 196 540 autem
219 499 329 540 nomen
353 479 478 539 cuilibet
500 479 576 539 libro
600 480 665 540 fata
687 480 793 556 populi
815 479 944 556 Romani
966 480 1103 540 narranti

93 569 187 630 tribui
210 569 347 645 potuisse
369 572 463 645 patet.

160 657 246 728 Quod
269 657 464 718 eonsilium
482 657 589 717 Florus
607 657 640 716 in
659 658 861 733 componendo
879 658 957 717 libro
977 661 1099 717 secutus
1126 668 1216 709 Florit

92 748 133 808 sit
157 751 188 806 et
209 747 273 823 ipse
297 747 329 804 in
346 746 534 823 praefatione
552 746 705 822 professus
724 749 778 821 est,
801 746 854 805 nbi
873 745 912 805 ad
930 731 1216 825 angendam⁰⁰2²ffi

93 836 200 914 populi
221 835 350 895 Romani
373 835 602 894 admirationem
614 834 756 895 >breviter
778 853 810 894 se
834 837 865 895 et
882 837 998 910 puriter
1018 839 1103 909 utque
1123 829 1216 871 Μὴ

93 926 214 984 insemel
231 925 402 986 universam
420 923 658 1002 magnitudinem
676 924 741 984 eius
760 924 916 984 ostendere
930 926 1008 984 velle
1023 924 1104 1001 dicit,

96 1017 128 1074 et
152 1033 188 1074 ex
212 1012 318 1090 quovis
341 1032 436 1089 paene
460 1013 609 1088 epitomae
633 1013 790 1072 enuntiato
812 1013 1002 1095 perspicitur.
1034 1033 1104 1072 nam

93 1107 215 1180 praeter
245 1101 441 1178 paucissimas
474 1121 575 1162 omnes
606 1121 654 1161 res
687 1102 725 1162 ab
757 1102 810 1162 illo
845 1106 946 1180 gestas
979 1103 1104 1162 summis

95 1191 236 1251 laudibus
256 1190 375 1251 extollit
397 1194 428 1251 et
451 1209 528 1268 quae
552 1191 604 1251 alii
626 1192 741 1266 prolixe
763 1195 960 1252 narraverant
982 1191 1013 1250 in
1039 1191 1105 1250 bre·

92 1281 164 1342 vius
192 1280 351 1340 contrahit.
398 1280 449 1338 sed
481 1299 643 1356 puerorum
670 1281 703 1339 in
729 1299 818 1341 usum
847 1280 916 1339 eum
942 1281 1105 1357 scripsisse,

93 1373 131 1429 ut
150 1369 273 1446 quidam
295 1368 466 1446 opinantur,
489 1369 570 1428 haud
594 1369 779 1446 crediderim,
802 1387 870 1428 cum
890 1388 1104 1445 saepenumero

92 1458 273 1538 gravissima
304 1458 386 1516 facta
418 1459 449 1516 et
480 1458 635 1516 hominum
666 1459 861 1534 locorumque
892 1458 1015 1518 nomina
1045 1476 1106 1516 me·

94 1547 193 1607 moria
215 1545 392 1625 dignissima
418 1546 561 1622 tacuerit,
589 1547 620 1605 in
648 1546 685 1606 iis
715 1566 786 1608 vero
810 1565 887 1622 quae
910 1545 1046 1606 artificiis
1069 1564 1105 1604 ex

92 1637 251 1707 rhetorum
282 1634 567 1712 disciplinapetitis
591 1635 726 1695 exornari
748 1637 889 1712 poterant
913 1635 1028 1694 diutius
1050 1635 1105 1693 im-

93 1727 238 1785 moretur.
284 1726 443 1800 praeterea
465 1724 576 1783 alicubi
600 1742 669 1783 eum
692 1728 796 1783 contra
817 1726 989 1800 temporum
1012 1724 1105 1783 ratio·

93 1833 164 1873 nem
197 1816 228 1872 et
255 1812 345 1872 fidem
378 1812 552 1871 historicam
578 1812 749 1890 peccavisse
776 1815 883 1872 notum
912 1815 965 1872 cst.
1012 1831 1105 1889 quare
1142 1808 1144 1812 '

94 1902 283 1980 probabilius
306 1900 428 1962 videtur
451 1921 520 1960 eum
542 1901 713 1960 hominibus
736 1902 789 1979 qui
811 1920 859 1962 res
878 1901 1026 1961 Romanas
1045 1902 1106 1960 iam

95 1990 218 2051 aliunde
260 1993 461 2068 cognoverant
498 1990 651 2067 scripsisse
688 1990 876 2068 maximeque
914 1990 952 2050 iis
984 1990 1037 2067 qui
1069 1989 1105 2049 de

94 2081 187 2141 rebus
217 2080 371 2157 apopulo
402 2097 456 2138 suo
480 2081 632 2155 praeclare
656 2079 750 2157 gestis
774 2079 1005 2140 declamationes
1029 2098 1107 2139 oom-

95 2160 290 2250 ponebantl).
310 2172 311 2175 ’
331 2168 481 2228 immerito
504 2171 605 2228 autem
629 2187 647 2226 a
669 2169 774 2228 multis
797 2169 866 2228 inde
889 2187 908 2226 a
931 2167 962 2229 O.
983 2168 1106 2246 Sigonio

96 2259 133 2318 A.
156 2258 291 2334 Ruperto
318 2256 342 2316 I.
362 2256 396 2318 G.
417 2255 544 2318 Graevio
578 2257 737 2334 opprobrio
766 2257 794 2316 ei
821 2258 912 2318 datur
939 2257 1019 2335 quod
1046 2276 1106 2317 non

96 2347 172 2407 satis
196 2349 335 2406 accurate
358 2347 441 2406 facta
463 2347 622 2406 tradiderit
646 2349 676 2406 et
695 2347 813 2424 aliquot
832 2365 947 2407 errores
965 2347 1106 2425 gravissi·

95 2455 161 2497 mos
189 2427 411 2517 commiseritl).
458 2435 596 2495 dubitare
632 2435 710 2494 enim
738 2436 810 2495 licet
839 2455 878 2494 an
905 2436 970 2511 ipse
997 2436 1106 2496 Florus

171 2590 196 2657 1)
211 2586 245 2641 of.
256 2604 283 2656 p.
289 2586 400 2641 XXVII.
416 2603 450 2640 ex
464 2586 585 2641 Senecae
599 2585 687 2655 patris
702 2585 834 2640 suasoriis
850 2589 930 2640 sexta
944 2589 973 2641 et
987 2586 1107 2656 septima

98 2659 137 2712 ad
156 2657 304 2712 historiam
321 2658 477 2712 Romanam
495 2656 652 2726 pertinent,
672 2674 706 2711 ex
725 2656 978 2712 declamationibus
998 2656 1108 2721 Quinti-

97 2729 199 2783 liaueis
218 2728 372 2783 maioribus
391 2727 476 2782 tertia
496 2728 649 2796 eademqne
668 2745 702 2782 ex
721 2727 924 2798 Calpurnianie.

170 2803 197 2867 2)
219 2801 319 2854 horum
340 2799 476 2867 virorum,
505 2798 554 2867 qui
577 2798 714 2868 imprimis
738 2799 769 2853 id
792 2799 916 2868 agebant
939 2797 1108 2852 utiliorum

98 2870 129 2924 in
153 2871 256 2926 scholis
280 2870 441 2925 lectitatum
464 2887 479 2925 e
503 2869 702 2939 discipulorum
724 2870 855 2924 manibus
874 2872 1048 2938 excuterent,
1074 2870 1108 2924 de

97 2941 149 2996 illo
174 2941 280 2997 iudicia
298 2942 426 2996 Dukerus
449 2941 480 2995 in
504 2940 680 3011 praefatione
699 2940 832 2996 editionis
851 2941 974 3011 collegit.
1012 2957 1046 2994 ex
1064 2957 1107 2994 re·

98 3012 270 3069 cautioribus
308 3012 487 3072 acerbissime
525 3029 587 3066 eum
619 3011 851 3082 vituperaverunt
881 3013 911 3066 L.
940 3011 1105 3081 Spengeliue

99 3084 340 3154 ‘Abhandlungen
374 3084 423 3138 der
454 3083 639 3153 bayerischen
666 3083 832 3138 Akademie'
867 3083 983 3137 XXXVI
1027 3085 1106 3151 1861)

97 3175 125 3226 p.
150 3161 202 3210 319
217 3173 257 3223 sq.
291 3157 320 3209 et
350 3155 372 3210 I.
390 3155 524 3223 Reberue‚
559 3156 620 3209 ‘das
649 3153 891 3209 Geschichtevverh
919 3155 967 3208 des
996 3153 1105 3208 Forus’

97 3226 245 3308 Frisingae
261 3232 336 3281 1865.
362 3229 447 3294 atque
467 3227 538 3281 adeo
553 3226 584 3280 G.
599 3223 689 3295 Biaos,
711 3225 797 3280 ‘Flori
811 3225 938 3281 historici
952 3225 998 3279 vel
1012 3223 1106 3295 potius

97 3298 219 3352 rhetoris
247 3298 281 3351 de
299 3313 365 3351 vero
383 3297 496 3352 nomine
516 3300 609 3352 aetate
628 3314 684 3366 qua
703 3295 805 3352 vixerit
824 3296 946 3379 seriptis'
967 3295 1107 3367 (Lutetiae

98 3368 271 3424 Parisiorum
296 3371 374 3439 1876)
397 3387 423 3439 p.
445 3375 477 3423 76
502 3370 536 3423 de
559 3385 592 3423 eo
615 3368 685 3422 haec
707 3368 924 3439 pronuntiavit.
959 3370 1131 3437 scriptorem

98 3450 156 3497 tum
179 3442 260 3494 lacem
282 3441 488 3513 medaeamque
510 3442 589 3499 nullo
612 3443 695 3500 niodo
718 3443 843 3516 <imaum
864 3456 925 3496 csse
948 3438 1002 3507 qut
1020 3431 1152 3486 corolu-

93 3513 210 3567 corseas
226 3513 382 3569 mmamtur
400 3516 462 3572 iure
481 3535 516 3574 uc
536 3519 637 3576 uwrtto
655 3519 741 3577 scobis
763 3515 938 3574 concludere
950 3509 1037 3563 theat.

136 3609 222 3650 Florus
236 3611 271 3653 ed.
288 3612 313 3655 0,
327 3613 498 3664 Rossbach.
939 3597 964 3650 Q
