2436 3826
296 173 301 182 ,
371 135 571 187 parmomo
590 136 761 188 numerus
1010 135 1070 189 cxl
1102 105 1104 108 ’

35 312 39 320 ’
51 303 183 376 popam
210 291 272 382 (p.)
296 301 333 361 R.
356 319 403 362 res
420 319 452 376 p.
480 302 512 361 in
540 303 723 379 exemplaria
751 322 811 362 uon
839 302 972 363 thanum
1002 304 1070 363 usui

57 390 210 451 destinata
239 391 371 468 recipere
404 391 502 450 liceat.
549 390 629 467 qued
660 391 686 450 si
717 392 907 469 frequentius
939 393 1069 452 editores

57 479 200 539 fecissent
214 498 312 556 neque
326 479 507 555 scriptorum
526 479 618 539 verba
637 480 674 538 ad
693 480 885 541 Brambachii
904 482 1070 543 aliorumve

58 570 142 646 leges
169 568 364 645 adaptassent
392 568 588 644 codicemque
617 569 716 629 varias
744 570 888 630 lectiones
912 571 1069 648 orthogra-

58 657 162 735 phicas
185 657 340 736 graviores
363 676 400 716 ne
423 657 455 716 in
479 656 673 716 adnotatione
697 657 818 735 quidem
844 662 1070 737 memorassent,

59 747 120 806 iam
149 748 260 806 certius
287 746 415 805 iudicari
441 749 545 822 posset
571 747 608 805 de
637 746 827 822 optimorum
848 751 879 807 et
901 749 1070 809 vetustissi-

58 854 177 896 morum
200 834 345 894 librorum
369 833 584 912 orthographia
607 835 696 894 etde
720 835 842 914 liuguae
865 836 992 896 Latinae
1018 857 1072 914 per

58 925 181 984 saecula
203 924 334 1000 scriptae
357 922 625 984 vicissitudinibus.
657 942 729 983 nam
752 925 843 985 etiam
866 945 946 986 nunc
968 927 1072 986 valent

58 1016 90 1073 et
114 1013 271 1074 verissime
299 1017 371 1072 sunt
398 1031 476 1091 quae
501 1011 532 1072 0.
555 1012 588 1072 L.
611 1013 741 1072 Rothius
770 1017 840 1074 ante
863 1015 918 1074 hos
941 1015 1070 1093 quadra·

59 1103 145 1181 ginta
181 1119 276 1162 annos
309 1101 436 1179 scripsit
471 1102 503 1160 in
539 1102 726 1178 praefatione
759 1102 900 1163 editionis
933 1103 1071 1164 Suetonii

60 1184 103 1273 (p.
122 1183 277 1273 xxx-Vn:
300 1192 457 1251 admodum
474 1209 576 1264 pooco
597 1193 922 1253 appretiaremur
941 1198 967 1252 et
978 1195 1072 1267 prora

58 1282 188 1341 discordi
219 1281 347 1354 facultas
380 1282 493 1340 tamdiu
524 1282 660 1354 adempto
692 1283 762 1350 crit,
799 1283 940 1356 quamdiu
976 1301 1071 1342 cooae-

59 1374 175 1444 meotes
203 1387 275 1438 csse,
305 1373 339 1428 ot
362 1370 499 1428 hodierno
527 1371 611 1429 certo
638 1374 720 1447 otor,
747 1372 780 1430 id
807 1376 849 1430 est
874 1373 1024 1445 opiniones
1047 1375 1073 1431 et

52 1460 241 1533 praeiudicio
263 1460 344 1532 scoot
366 1475 455 1531 qoam
476 1462 645 1518 oetmtotem
668 1460 819 1532 explorare
840 1461 989 1519 molemus.

125 1547 194 1607 Non
226 1548 308 1625 fugit
339 1545 373 1606 Ο.
398 1540 584 1626 Iahnium¹)‚
622 1566 690 1607 cum
727 1547 874 1607 subitaria
904 1567 1072 1625 paucerum

26 1684 29 1691 .
58 1637 208 1696 mensium
232 1655 322 1714 opera
345 1635 469 1695 Florum
493 1636 707 1714 recensuisset,
730 1637 921 1713 aliquantum
944 1637 982 1696 ad
1004 1656 1072 1713 per-

57 1725 220 1785 fectionem
253 1723 393 1784 editionis
426 1741 500 1783 suae
532 1724 714 1802 desiderari,
751 1725 832 1801 quod
864 1743 913 1785 res
945 1725 983 1785 ab
1015 1726 1072 1786 hec

61 1814 190 1874 traditas
217 1833 278 1874 non
305 1814 379 1873 satis
407 1815 546 1873 accurate
574 1831 643 1872 cum
673 1813 710 1872 iis
734 1833 812 1890 quae
836 1813 889 1872 alii
911 1815 1072 1892 scriptores

61 1905 262 1964 narraverunt
294 1902 489 1979 comparavit.
539 1902 620 1979 qued
651 1920 719 1961 cum
747 1921 802 1981 ego
829 1903 978 1983 fecissem,
1012 1905 1072 1980 pri·
1185 1979 1186 1982 Ἴ

60 2012 146 2051 mum
163 1993 194 2051 in
214 1992 313 2051 anime
334 1994 399 2050 erat
417 2009 519 2050 omncs
539 2010 643 2051 eorum
660 1991 742 2051 locos
761 1992 934 2070 quicunque
953 1993 1073 2053 easdem

60 2099 108 2141 res
136 2081 185 2142 vel
212 2081 329 2156 prolixa
356 2080 528 2140 narratione
555 2080 717 2140 memoriae
744 2081 943 2158 prodiderunt
969 2083 1018 2143 vel
1041 2082 1073 2140 in

59 2173 237 2230 transcursu
264 2171 384 2228 tantum
408 2169 578 2247 attigerunt
601 2169 782 2246 adscribere,
810 2171 863 2230 sed
884 2190 955 2231 mex
977 2171 1074 2230 abieci

61 2259 219 2319 consilium
252 2259 391 2335 quamvis
423 2259 460 2317 ab
488 2259 591 2318 amicis
622 2262 659 2319 ut
688 2277 866 2338 exsequerer
893 2259 1073 2337 admonitus,

61 2348 134 2424 quia
156 2349 354 2423 redemptoris
378 2346 581 2418 honestissimi
604 2347 772 2408 rationibus
795 2367 964 2426 repugnare
992 2349 1073 2410 vide·

60 2437 131 2496 bam
164 2439 195 2496 et
227 2436 396 2514 periculum
428 2438 494 2496 erat
522 2456 559 2496 ne
587 2436 752 2496 innumeris
779 2437 841 2497 illis
869 2437 942 2497 locis
971 2438 1073 2497 allatis

60 2525 215 2586 adnotatio
252 2525 284 2584 in
322 2525 446 2585 nimiam
483 2526 592 2585 molem
625 2528 832 2586 succresceret.
890 2525 1073 2603 ubicumque

60 2617 163 2674 tamen
182 2614 344 2692 scriptores
364 2615 468 2673 eadem
486 2616 643 2673 narrantes
663 2614 778 2692 aliquid
797 2615 835 2673 ad
854 2615 944 2672 crisin
957 2615 1073 2674 Floria-

61 2723 133 2762 uam
151 2704 285 2763 conferre
304 2698 455 2769 intellexi,'
470 2721 574 2761 eorum
592 2702 684 2762 verba
701 2704 874 2780 memoravi,
893 2703 973 2762 uude
991 2703 1074 2761 haud

62 2810 133 2851 raro
152 2783 348 2873 (v.p.8,13;
375 2795 428 2869 163
453 2793 575 2870 32,193
601 2793 722 2867 55‚18;
747 2795 797 2870 65,
812 2794 868 2868 213
894 2792 992 2868 70,5;
1018 2793 1072 2868 133

63 2882 137 2958 100,
158 2882 191 2957 5;
221 2884 292 2958 106,
312 2883 346 2959 83
377 2884 448 2957 109,
469 2882 502 2959 93
534 2882 606 2958 175,
628 2882 681 2958 153
705 2872 811 2962 alibi2)
834 2879 971 2940 nonnihil
994 2898 1073 2938 emo·

134 3088 160 3154 1)
178 3086 265 3209 praei,
284 3105 311 3155 p.
328 3085 451 3141 XXXIV.
1048 3152 1054 3163 ι

133 3160 161 3225 2)
192 3174 273 3211 ocum
296 3156 377 3210 illum
400 3158 435 3211 de
458 3159 561 3229 procedi
582 3157 751 3211 Iudaeorum
774 3171 877 3209 occano
900 3172 917 3208 a
940 3154 1073 3223 Pompe-10

60 3226 91 3281 in
114 3227 222 3298 templo
245 3227 501 3297 Hierosolymitano
525 3230 674 3298 conspecte
697 3231 733 3297 (p.
757 3231 821 3294 100,
842 3229 885 3295 13)
908 3243 976 3278 num
998 3227 1074 3279 reete

60 3297 104 3353 ita
131 3298 333 3369 interpretatus
361 3299 415 3353 sim
441 3303 474 3353 ut
495 3299 593 3354 Florus
621 3301 671 3354 seb
699 3315 786 3353 comeo
814 3299 868 3352 oc'te
895 3297 1006 3352 Ocelum
1028 3296 1074 3351 dei

61 3369 140 3424 Caeli
159 3373 284 3425 statuam
302 3370 354 3424 sub
374 3387 459 3424 aurea
477 3371 551 3440 vite,
570 3373 603 3424 ut
620 3371 801 3424 monumenta
816 3367 992 3437 Babylonica
1009 3368 1079 3445 dae-

60 3458 161 3496 monas
176 3442 314 3510 quosdam
330 3444 552 3514 repraesentant,
570 3441 698 3514 positam
708 3437 1004 3518 intehhagisehse—imx
1013 3435 1103 3487 *eihs-

59 3511 119 3567 rint
137 3511 194 3567 alii.
229 3513 284 3568 hoc
301 3512 403 3569 saltem
423 3517 538 3574 constat
554 3516 640 3575 Flaui
658 3515 754 3573 uerha
775 3516 814 3569 ut
833 3511 875 3566 in
893 3506 1057 3565 sacremus
1071 3499 1124 3547 hs-
