2436 3826
106 214 196 269 XXVI
293 243 294 246 ¹
417 216 618 268 PRAEFATIO
637 215 807 267 EDITORIS

105 402 175 441 curn
197 382 329 442 Antonio
354 385 385 441 et
408 380 569 459 Cleopatra
591 374 713 464 (1121)
736 382 886 458 rebusque
913 382 951 440 ab
973 381 1116 459 Augusto

106 471 200 549 gestis
224 472 254 548 (I
273 463 418 552 22-27)
438 473 476 531 ad
493 473 624 547 priorem
641 471 757 531 fontem
774 471 894 530 rediret.
932 489 1116 547 quamquam

104 563 209 620 autem
228 561 360 620 codicem
378 561 517 621 adhibuit
534 560 610 620 libro
628 560 654 619 B
673 560 769 620 multo
788 560 995 637 vetustiorem,
1014 562 1116 619 tamen

104 650 237 726 plurima
259 650 335 710 vitia
358 669 427 708 cum
450 669 484 709 eo
508 650 679 709 communia
700 650 799 727 habet,
827 667 927 726 pauca
948 643 1115 728 meliora¹),

104 739 179 798 satis
212 740 309 797 multa
341 757 418 815 quae
452 741 506 797 aut
532 758 591 797 non
618 738 809 798 intellexerat
841 741 896 796 aut
926 737 985 813 ipsi
1014 737 1116 797 minus

104 827 266 904 placebant
297 827 424 887 licenter
453 828 624 887 immutata.
669 828 773 904 itaque
800 826 854 885 ubi
880 826 1025 885 habemus
1051 825 1115 885 Ior-

105 917 213 975 danem
241 916 351 976 codicis
378 917 475 975 instar
502 919 561 994 est,
589 916 641 975 sed
670 918 762 993 paulo
786 915 906 975 cautius
929 915 1116 974 adhibendus

105 1024 199 1082 quam
230 1005 307 1063 liber
338 1005 376 1063 ab
408 1005 528 1064 indocto
561 1005 684 1064 librario
716 1005 847 1064 fideliter
871 1023 915 1064 ex
951 1005 1115 1081 archetypo

104 1112 271 1170 expressus,
317 1112 385 1152 cum
412 1112 484 1153 vero
507 1093 631 1152 Iahnius
660 1095 755 1153 altero
778 1094 915 1153 Iordanis
939 1092 1040 1153 codice
1064 1113 1116 1169 op·

105 1183 180 1242 timo
212 1182 476 1259 Heidelbergensi,
514 1183 609 1242 altero
642 1183 835 1260 gravissimas
867 1182 1116 1258 interpolationes

104 1289 193 1348 passo
221 1270 407 1348 Pollingensi
438 1289 512 1330 usus
545 1274 636 1346 esset,
667 1271 699 1329 in
730 1273 787 1330 hac
819 1272 951 1330 editione
978 1271 1115 1330 Iordanis

104 1361 271 1437 exemplari
293 1360 341 1418 uti
363 1360 451 1419 licuit
474 1379 493 1418 a
511 1360 564 1419 Th.
584 1360 777 1437 Mommsenc,
801 1360 866 1421 viro
886 1360 1060 1436 clarissimo,
1084 1361 1115 1418 in

106 1444 320 1508 ‘monumentis
331 1447 508 1508 Germaniae
523 1443 686 1509 historicis'
701 1442 829 1531 (auctor.
841 1449 997 1526 antiquiss.
1008 1451 1078 1508 tom.
1087 1448 1116 1506 V

102 1556 175 1614 pars
198 1529 227 1619 I)
252 1539 408 1616 evulgato,
437 1538 491 1614 qui
519 1557 595 1615 quae
622 1539 820 1615 praefationis
847 1559 876 1615 p.
900 1538 1003 1597 XXHI
1014 1556 1056 1615 sq.
1081 1538 1116 1597 de

103 1627 221 1687 ratione
254 1627 423 1704 disputavit
455 1646 515 1704 qua
541 1627 649 1686 Florus
681 1628 834 1686 adbibitus
866 1627 907 1687 sit
939 1626 1116 1703 dignissima

105 1718 188 1775 lectu
211 1719 291 1776 sunt.
337 1735 430 1792 quare
456 1715 538 1775 haud
560 1736 658 1793 pauca
680 1717 770 1775 aliter
793 1720 824 1775 et
846 1715 947 1775 verius
970 1715 1001 1773 in
1024 1715 1115 1774 buius

103 1806 246 1864 editionis
277 1805 463 1865 lordonianis
502 1805 659 1880 scripturis
693 1805 826 1863 indicata
857 1803 992 1863 invenies
1025 1823 1116 1879 quam

69 1947 72 1951 .
105 1895 187 1970 apud
210 1894 358 1952 Iahnium.
404 1898 538 1953 ceterum
565 1894 609 1952 ita
631 1893 767 1954 Iordanis
793 1893 938 1952 lectiones
966 1892 998 1950 in
1026 1893 1117 1951 adno-

102 1983 221 2042 tatione
254 1983 357 2041 critica
389 1982 511 2042 enotavi
537 1985 574 2041 ut
601 2001 660 2040 non
689 1983 854 2042 orationem
883 2001 902 2041 a
928 1982 1113 2042 Mommseno

103 2071 295 2129 emendatam
327 2089 475 2147 sequerer,
508 2070 560 2129 sed
592 2074 628 2129 ut
658 2072 767 2130 menda
797 2090 875 2148 quae
902 2072 934 2130 in
964 2072 1116 2130 communi

103 2160 188 2218 fonte
212 2159 356 2218 librorum
378 2159 416 2218 ab
439 2178 474 2219 eo
493 2159 673 2220 collatorum
690 2161 783 2220 fuisse
801 2160 992 2237 intellegitur
1011 2180 1112 2236 quam·

104 2248 151 2308 vis
175 2248 289 2306 dudum
312 2249 471 2307 emendata
493 2267 764 2309 commemorarem.
802 2268 879 2325 quae
903 2267 970 2307 cum
995 2252 1026 2309 et
1047 2250 1116 2326 ipsa

104 2337 180 2395 inB
204 2336 402 2414 reperiantur,
425 2339 480 2397 hoc
504 2355 651 2397 consensu
670 2337 901 2414 Bambergensis
925 2339 956 2396 et
977 2337 1114 2397 Iordanis

103 2593 202 2649 codice
220 2593 251 2647 B.
272 2626 304 2634 —
324 2596 447 2648 ceterum
465 2594 565 2649 missos
584 2596 676 2649 facere
694 2595 762 2650 licet
779 2595 810 2648 in
827 2594 904 2649 Flori
923 2593 988 2648 crisi
1010 2595 1116 2663 expila-

102 2670 198 2720 torum
216 2664 384 2734 expilatores
403 2665 481 2720 velut
498 2666 618 2720 Paulum
637 2669 665 2720 et
683 2665 843 2720 Freculium
867 2665 916 2734 qui
934 2664 1052 2719 Iordane
1071 2666 1115 2719 usi

103 2741 171 2791 sunt
195 2740 223 2792 et
246 2737 283 2792 ad
309 2737 368 2791 eius
387 2737 473 2790 verba
492 2737 690 2793 constituenda
708 2737 839 2819 religiose
858 2754 875 2791 a
893 2737 1066 2791 Mommsenc
1085 2736 1115 2790 in

103 2826 186 2862 usum
208 2808 310 2862 vocati.
347 2811 493 2878 praeterea
516 2807 583 2862 Otto
601 2807 789 2878 Frisingensrs
807 2807 976 2878 Ragewinus
994 2807 1113 2862 Ioannes

104 2882 140 2934 de
167 2879 367 2933 Monasteriolo
398 2879 516 2933 Ioannes
545 2879 764 2933 Saresberiensis
796 2880 942 2935 Iannotius
970 2879 1113 2933 Manettus

104 2950 156 3005 alii
173 2950 260 3004 medii
283 2949 347 3004 aevi
369 2949 518 3018 scriptores
541 2968 633 3019 pauca
655 2951 795 3018 quaedam
813 2950 889 3005 Flori
907 2951 994 3004 rerba
1012 2966 1117 3004 memo-

104 3025 177 3090 rant,
197 3022 248 3075 sed
265 3021 307 3074 ita
326 3022 358 3073 ut
375 3020 448 3074 nihil
465 3022 620 3090 praebeant
636 3023 714 3090 quod
731 3039 788 3075 non
807 3025 836 3076 et
853 3021 947 3091 ipsum
964 3021 994 3076 in
1012 3021 1115 3075 nostris

104 3092 249 3147 codicibus
264 3091 340 3149 insit.
368 3109 402 3146 ac
415 3108 450 3145 ne
465 3091 530 3145 hinc
545 3092 660 3160 quidem
673 3093 749 3160 quod
762 3094 880 3147 Ioannes
896 3092 1115 3146 saresberiensis

103 3164 240 3234 polycrat.
259 3164 299 3217 ΙΠ
318 3169 333 3215 9
353 3166 389 3233 (p.
404 3169 456 3217 495
480 3162 523 3217 ed.
543 3163 649 3233 Migne)
671 3163 702 3217 in
728 3163 764 3217 iis
788 3180 861 3231 quae
884 3180 919 3217 ex
941 3161 1017 3216 Flori
1040 3162 1115 3216 bello

103 3235 210 3288 Punico
230 3235 351 3288 secundo
371 3233 452 3287 affert
475 3234 545 3288 duas
570 3234 705 3289 lectiones
725 3251 788 3288 cum
806 3234 831 3287 A
850 3249 1010 3288 communes
1028 3233 1116 3287 habet

104 3305 270 3360 concludere
288 3305 356 3359 licet
374 3321 438 3359 eum
456 3305 538 3358 huius
556 3305 727 3360 recensionis
747 3306 842 3360 codice
861 3322 943 3358 usum
968 3320 1036 3358 esse.
1074 3305 1117 3358 ita

104 3377 180 3430 enim
199 3377 252 3430 hae
267 3379 445 3445 comparatae
460 3378 526 3429 sunt
539 3380 576 3446 (p.
592 3382 634 3443 54,
650 3383 684 3430 20
698 3379 729 3432 irc
743 3384 859 3432 torrente
879 3377 1008 3446 Verqello,
1023 3381 1066 3445 58,
1082 3382 1114 3430 21

103 3451 228 3515 celem.)
251 3451 284 3501 ut
307 3447 398 3515 quivis
421 3447 597 3516 maximeque
619 3448 738 3502 Ioannes
762 3447 811 3517 qui
833 3463 988 3518 propensus
1012 3449 1056 3501 est
1079 3448 1117 3502 ad

84 3516 267 3570 mntatrbnes
283 3517 316 3571 in
336 3535 385 3573 eas
404 3518 532 3574 incidere
551 3518 686 3590 potuerit.

147 3589 177 3649 1)
200 3603 223 3638 ν.
240 3605 271 3654 p.
291 3596 335 3659 12,
353 3597 387 3660 5,·
408 3597 452 3662 ro,
471 3597 518 3662 203
541 3599 586 3663 20,
601 3600 633 3663 43
654 3600 698 3664 re,
713 3598 740 3648 c.
