2436 3826
158 177 223 240 110
522 177 631 229 FLORI
648 176 808 228 EPITOMA

158 346 235 404 tium
258 345 303 404 rei
323 377 364 386 -
384 343 586 404 felicissimam
609 345 808 402 temeritatem
827 359 942 420 —per
964 343 1061 401 invios
1084 343 1124 403 ad
1143 343 1173 403 id

157 440 276 511 tempus
305 435 451 493 montium
477 431 620 511 tumulos,
647 449 702 510 per
724 433 850 492 intactas
873 433 935 491 vias
960 429 997 491 et'
1011 433 1096 491 nives
1122 451 1172 492 ex·

158 523 258 600 pedita
284 540 375 583 manu
403 540 541 583 emensus
565 520 689 580 Galliam
716 527 746 581 et
773 539 809 581 ex
833 519 1011 581 distantibus
1034 519 1171 582 hibernis

158 619 254 671 castra
288 614 434 672 contraxit
466 619 496 672 et
528 617 595 690 ante
627 611 659 669 in
686 609 783 670 media
811 608 904 669 Gallia
933 609 989 669 fuit
1016 627 1107 687 quam
1135 610 1171 671 ab

104 713 136 761 23
157 699 261 760 ultima
288 702 452 761 timeretur.
498 705 562 759 tum
587 701 652 777 ipsa
675 701 770 778 capita
792 697 863 758 belli
886 698 1044 776 adgressus
1068 698 1171 779 urch,
1198 710 1210 752 ⁵

156 789 313 849 Avaricum
349 790 542 868 quadraginta
581 787 696 848 milium
727 790 978 866 propugnantium
1010 785 1170 869 [sustulit]‚

156 876 284 937 Alesiam
312 878 508 938 ducentorum
536 879 748 956 quinquaginta
775 876 890 937 milium
917 878 1070 937 iuventute
1099 876 1170 937 sub-

102 981 137 1028 24
155 968 255 1025 nixam
288 967 414 1027 flammis
447 967 628 1044 adaequavit.
676 967 755 1026 circa
783 964 956 1044 Gergoviam
983 966 1171 1026 Avernorum

155 1063 216 1114 tota
244 1055 315 1114 belli
344 1055 437 1116 moles
466 1055 529 1115 fuit.
577 1057 686 1133 quippe
715 1073 783 1115 cum
807 1056 954 1133 octoginta
976 1053 1058 1114 milia
1081 1073 1169 1115 muro

155 1153 185 1203 et
213 1162 281 1204 arcc
306 1152 335 1204 et
358 1144 492 1222 abruptis
515 1145 589 1223 ripis
613 1143 807 1205 defenderent
829 1145 987 1203 maximam
1009 1145 1170 1225 civitatem,
1185 1155 1210 1195 1⁰

103 1247 135 1296 25
155 1232 230 1293 vallo
254 1233 378 1293 sudibus
403 1241 432 1293 et
455 1233 534 1292 fossa
558 1234 738 1312 inductoque
761 1233 859 1293 fossae
883 1233 1018 1312 flumine,
1046 1232 1082 1293 ad
1112 1233 1169 1294 hoc

156 1322 259 1382 decem
296 1330 326 1382 et
363 1330 428 1382 ooto
463 1321 591 1382 castellis
624 1324 796 1400 ingentique
829 1321 920 1381 lorica
953 1321 1168 1383 circumdatam

155 1413 286 1490 primum
310 1411 385 1471 fame
410 1411 535 1491 domuit,
563 1429 632 1470 mox
658 1410 815 1471 audentem
839 1412 1012 1488 eruptiones
1036 1413 1068 1471 in
1090 1410 1166 1470 vallo

155 1499 259 1577 gladiis
275 1499 458 1579 sudibusque
474 1499 615 1580 concidit,
630 1502 789 1560 novissime
804 1502 835 1559 in
851 1499 1031 1560 deditionem
1041 1499 1167 1578 redegit.

102 1604 135 1652 26
154 1591 218 1667 ipse
242 1588 291 1648 ille
316 1608 382 1669 rex,
410 1592 571 1649 maximum
594 1591 733 1649 victoriae
758 1589 862 1669 decus,
891 1587 1016 1666 supplex
1042 1607 1112 1648 cum
1135 1591 1208 1648 in1⁵

155 1684 251 1738 castra
273 1681 418 1760 venisset,
446 1697 532 1740 ecum
559 1685 588 1738 et
610 1678 745 1757 phaleras
769 1684 799 1738 et
823 1697 875 1738 sua
899 1695 980 1737 arma
1003 1683 1070 1737 ante
1093 1676 1167 1738 Cae-

154 1769 229 1826 saris
259 1786 354 1844 genua
376 1770 511 1847 proiecit.
558 1762 661 1827 ‘habe'
685 1769 789 1845 inquit.
837 1762 960 1827 ‘fortem
983 1768 1093 1846 virum,
1121 1768 1167 1826 rir

155 1856 327 1937 fortissime,
352 1853 468 1916 vicisti'

225 2049 239 2096 1
260 2043 441 2099 felicissimae
458 2044 640 2099 temeritatis:
662 2046 781 2112 correcti,
796 2051 861 2113 post
879 2043 971 2112 qualis
990 2045 1052 2099 erat
1065 2046 1164 2112 posuit

154 2115 360 2169 Freinshemius
374 2131 467 2169 -rem
485 2115 665 2169 felicissimae
681 2115 851 2170 temeritatis
866 2147 899 2155 —
913 2117 937 2170 I.
955 2116 990 2171 F.
1007 2115 1165 2170 Gronovius

152 2184 317 2238 felicissima
339 2185 500 2239 temeritate
519 2186 671 2241 Salmasius
693 2187 703 2255 ΙΙ
725 2194 740 2239 2
760 2186 883 2241 tumulos
902 2189 1049 2255 (posterior
1067 2202 1086 2238 u
1105 2203 1163 2240 cor-

151 2263 226 2311 recto
248 2273 281 2310 ex
294 2259 332 2339 a)
344 2256 378 2340 'L
398 2258 402 2325 Ι
423 2258 466 2310 set
484 2259 508 2335 (p
527 2259 663 2325 expunxit
680 2275 714 2310 m.
734 2260 764 2326 2)
783 2259 817 2312 N
831 2260 840 2327 ΙΙ
859 2264 875 2310 3
894 2274 1029 2339 emensus
1042 2258 1164 2328 (oirpula

152 2327 863 2469 altstattttftttttd(tiridatis(
879 2327 1079 2470 iiiiii
1084 2330 1163 2467 „tit

151 2469 179 2521 Β
197 2471 206 2537 ΙΙ
225 2474 241 2522 6
261 2468 412 2523 salaricum
429 2471 458 2524 Β
477 2468 632 2523 almaricum
648 2471 683 2524 N
697 2469 853 2525 auiaricum
870 2473 903 2525 iu
921 2470 1077 2525 alnaricum
1095 2477 1161 2525 mut.

151 2541 178 2593 L
198 2546 202 2608 Ι
222 2539 303 2593 milia
321 2541 355 2595 N
372 2542 376 2609 Ι
397 2539 513 2594 sustulit
530 2543 639 2595 seclusit
656 2543 774 2597 Iahnius
790 2541 941 2597 Avaricum
960 2559 1022 2596 cum
1041 2559 1068 2610 q.
1083 2560 1119 2595 m.
1134 2560 1162 2611 p.

152 2611 267 2666 sustulit
274 2631 315 2683 op.
326 2613 329 2684 (
333 2613 336 2685 Ι
349 2619 363 2667 7
375 2612 492 2685 elesiam
501 2612 528 2664 L
540 2613 542 2682 (
556 2613 779 2687 ducento(torum
789 2616 938 2684 (posterius
946 2615 976 2667 to
986 2617 1161 2683 expunctum)

150 2684 177 2738 L
191 2687 200 2754 ((
215 2691 230 2738 8
248 2701 353 2755 georgo
372 2683 450 2737 uiam
465 2685 489 2739 0
502 2686 506 2752 Ι
523 2700 610 2738 aruen
627 2691 781 2739 uennorum
794 2687 822 2739 Β
839 2701 1021 2740 aruernorum
1034 2686 1162 2754 (posteri-

150 2774 222 2811 orem
235 2774 249 2808 r
263 2758 295 2810 iu
308 2774 328 2809 n
342 2759 459 2812 ututuoit
472 2774 505 2811 m.
521 2758 548 2825 1)
560 2757 592 2809 N
602 2758 611 2826 ΙΙ
626 2761 641 2808 9
656 2756 754 2811 molles
770 2759 902 2826 (priorem
915 2755 926 2808 l
940 2758 1067 2811 erosiim.
1078 2759 1105 2824 1)
1115 2756 1159 2825 ΒΙ

151 2845 214 2880 cum
238 2828 394 2898 (octoginta
416 2830 477 2896 om.)
502 2826 600 2881 milite.
621 2827 670 2896 (ite
689 2830 752 2883 odd.
772 2846 805 2881 m.
825 2832 855 2897 2)
874 2844 953 2881 muro
973 2828 1007 2882 N
1026 2829 1035 2896 ΙΙ
1059 2832 1093 2880 10
1112 2827 1161 2880 ab·

150 2898 240 2968 ruptis
260 2898 288 2967 (b
308 2905 428 2954 correcto
446 2916 480 2953 ex
496 2900 526 2967 p)
545 2901 573 2952 Β
589 2902 592 2964 Ι
609 2898 677 2967 ripis
696 2916 745 2953 om.
768 2898 884 2965 Gmale,
901 2917 967 2954 uam
985 2899 1091 2954 Elaver
1107 2901 1159 2966 tiu-

149 2972 307 3094 llfttft
320 2969 804 3110 ΙΙὟγέεξῗγὲθυΙΙςηΙὲΙῗὲἜ-ΙΙΙ·
814 2970 1024 3095 tftititt
1038 2971 1163 3096 ttt⁵³l

148 3129 258 3183 XVIII·
277 3129 300 3184 0
317 3130 320 3197 Ι
341 3128 499 3196 intentique
518 3129 545 3181 Β
566 3131 570 3196 Ι
591 3127 764 3182 circumdata
782 3131 809 3183 Β
832 3132 841 3199 ΙΙ
863 3135 898 3183 14
916 3128 1021 3199 gladiis
1040 3147 1090 3185 om.
1105 3131 1134 3184 Β
1156 3131 1160 3200 Ι

149 3200 340 3268 subdibusque
354 3201 382 3254 L
399 3203 408 3270 ΙΙ
430 3207 461 3254 15
481 3216 545 3253 oum
564 3201 643 3254 extra
662 3201 751 3268 (extra
765 3209 914 3256 correctum
928 3219 961 3256 ex
975 3200 1109 3270 uenisset,
1128 3208 1161 3255 ut

148 3274 265 3340 uidetur)
284 3271 408 3343 uenisset
426 3274 454 3326 Β
476 3273 485 3340 ΙΙ
506 3276 539 3325 16
559 3286 661 3339 equum
681 3273 792 3326 licum
806 3273 839 3326 N
854 3290 903 3327 om.
923 3273 949 3327 L
969 3274 973 3341 Ι
994 3274 1023 3328 et
1041 3289 1092 3328 orn.
1107 3273 1135 3327 L
1156 3274 1159 3343 Ι

149 3343 252 3397 faleras
275 3344 326 3412 0(
349 3349 381 3398 17
401 3342 502 3397 habes:
522 3358 590 3398 corr.
611 3342 745 3398 Petrorcu
763 3346 824 3399 hist.
844 3344 899 3399 Iul.
921 3345 995 3400 Goes.
1016 3349 1060 3413 18,
1080 3349 1116 3400 52
