2436 3826
149 199 190 265 16
511 203 622 254 FLORI
640 202 802 254 EPITOMA

147 385 231 427 mora
259 373 514 446 corrumperetur,
543 365 740 445 consulesque
769 366 926 446 appellavit
953 384 1007 445 pro
1031 366 1168 449 regibus,

148 463 181 516 ut
211 455 366 516 consulere
399 472 431 515 se
464 455 578 516 civibus
608 457 670 515 suis
699 454 808 515 debere
836 457 1053 516 meminissent.
1100 462 1167 517 tan-

113 560 129 608 3
148 552 271 623 tumque
294 543 439 605 libertatis
463 561 556 604 novae
579 543 719 622 gaudium
742 546 916 623 incesserat,
938 546 1040 604 utrix
1057 547 1168 606 mutati

149 640 243 694 status
266 633 355 693 fidem
379 639 520 711 caperent
542 631 728 712 alterumque
747 650 783 693 ex
802 632 984 713 consulibus,
1006 632 1166 694 Lucretiae

148 724 301 802 maritum,
338 728 454 782 tantum
487 720 523 781 ob
556 739 665 781 nomen
698 727 727 781 et
759 739 852 799 genus
885 724 1001 799 regium
1033 721 1203 783 fascibuss

114 810 299 889 sabrogatis
331 809 406 871 urbe
440 809 632 870 dimitterent.
679 811 779 888 itaque
813 809 996 892 substitutus
1024 809 1167 872 Horatius

149 898 301 960 Publicola
329 917 445 960 summo
474 899 573 959 studio
601 898 723 958 adnisus
752 905 798 958 est
826 899 862 958 ad
890 898 1055 977 aagendam
1078 898 1168 960 liberi

149 987 252 1067 populi
279 990 472 1049 maiestatem.
519 1005 587 1047 nam
616 994 646 1048 et
672 987 768 1047 fasces
792 989 820 1047 ei
843 1005 898 1066 pro
924 989 1062 1050 contione
1087 1006 1168 1049 sum-

149 1078 244 1156 misit,
277 1083 307 1136 et
339 1079 387 1136 ius
416 1078 634 1154 provocationis
663 1077 805 1136 adversus
833 1077 915 1155 ipsos
943 1075 1038 1156 dedit,
1070 1083 1102 1137 et
1129 1095 1168 1138 ne

150 1166 249 1244 specie
274 1167 351 1225 arcis
376 1163 540 1225 offenderet
561 1166 719 1224 eminentis
739 1163 821 1224 aedis
841 1181 909 1224 suas
928 1166 959 1224 in
977 1164 1066 1244 plana
1085 1178 1202 1227 sum-1⁰

114 1268 130 1317 o
150 1256 239 1313 misit.
277 1252 387 1313 Brutus
411 1270 480 1313 vero
504 1253 598 1312 lavori
622 1255 732 1313 civium
755 1255 844 1313 etiam
867 1252 972 1313 domus
992 1252 1063 1314 suae
1082 1253 1166 1315 clade

150 1349 179 1402 et
210 1342 371 1420 parricidio
403 1341 567 1402 velificatus
596 1348 649 1401 est.
696 1343 806 1420 quippe
835 1359 903 1402 oum
932 1340 1053 1403 studere
1081 1361 1166 1403 revo-

149 1429 252 1490 candis
285 1432 317 1490 in
346 1429 451 1490 urbem
478 1429 599 1508 regibus
627 1429 738 1489 liberos
767 1447 837 1490 suos
866 1432 1065 1512 conperisset,
1097 1450 1165 1510 pro·

148 1521 239 1579 traxit
261 1521 293 1579 in
317 1519 415 1578 lorum
438 1525 468 1578 et
491 1520 628 1579 contione
652 1519 750 1579 media
770 1520 863 1596 virgis
887 1518 995 1579 cecidit
1018 1526 1048 1580 et
1066 1521 1167 1580 securi

149 1610 311 1688 percussit,
339 1615 372 1667 ut
399 1606 487 1687 plane
514 1606 651 1685 publicus
679 1625 788 1686 parens
816 1609 847 1666 in
877 1607 976 1667 locum
1000 1606 1166 1669 liberorum
1179 1620 1202 1661 1⁶

149 1697 306 1775 adoptasse
331 1695 389 1756 sibi
412 1695 555 1775 populum
577 1696 737 1756 rideretur.

114 1799 131 1848 6
216 1784 308 1846 Liber
330 1787 389 1844 iam
411 1785 482 1845 hinc
504 1783 631 1864 populus
654 1782 805 1844 Romanus
828 1786 925 1863 prima
948 1783 1092 1845 adversus
1116 1803 1168 1846 ex-

149 1881 230 1933 teros
249 1891 330 1933 arma
348 1886 403 1951 pr’o
422 1872 559 1934 libertate
579 1875 733 1953 corripuit,
755 1890 824 1932 mox
842 1891 897 1952 pro
916 1872 1035 1954 finibus,
1057 1872 1168 1934 deinde

148 1981 202 2042 pro
232 1963 335 2041 sociis,
362 1967 428 2021 turn
455 1960 548 2040 gloria
577 1967 606 2020 et
634 1962 774 2041 imperio,
802 1960 1018 2022 lacessentibus
1042 1960 1168 2023 adsidue

116 2064 244 2130 rusque
269 2067 385 2128 quaque
404 2050 553 2129 finitimis3
577 2050 687 2128 quippe
706 2068 775 2110 curn
792 2053 870 2128 patri
890 2040 945 2111 soli
964 2049 1067 2129 glaeba
1085 2051 1168 2111 nulla
1182 2065 1205 2105 so

220 2291 242 2344 1
257 2295 272 2343 1
292 2289 450 2360 appellauit
464 2292 587 2361 (priorp
601 2293 780 2359 capracora.)
796 2291 822 2344 Β
836 2293 845 2361 ΙΙ
860 2296 875 2344 2
891 2306 921 2344 se
936 2290 1025 2346 om.A
1039 2297 1105 2346 ante
1120 2291 1168 2346 de·

149 2361 215 2415 bore
235 2355 299 2415 odd.
318 2361 451 2417 Halmius
469 2363 478 2430 Ι)
497 2366 521 2414 3-
532 2360 661 2415 libertati
680 2362 706 2415 Β
723 2361 902 2429 {incenserat
920 2362 948 2415 B
966 2360 1169 2417 intercesserat

148 2434 171 2487 I
179 2434 220 2500 ld
238 2431 321 2486 flatus
340 2435 372 2487 ire
391 2434 482 2486 status
500 2439 566 2487 mut.
582 2433 624 2486 B¹
640 2435 643 2502 Ι
661 2435 774 2502 caperet
787 2433 815 2486 B
831 2435 835 2502 1
851 2432 968 2487 lucretia
988 2434 1139 2502 (posterior
1153 2450 1169 2488 e

149 2508 270 2557 correcta
287 2520 321 2557 ec
340 2519 357 2556 a
375 2522 408 2558 m.
430 2506 456 2572 1)
475 2504 503 2557 Β
519 2505 523 2572 Ι
539 2502 676 2557 lucretiae
694 2503 828 2557 maritum
846 2520 896 2559 om.
919 2503 1000 2573 Olli
1020 2503 1169 2574 obrogatis

149 2574 184 2628 N
203 2576 207 2643 Ι
230 2573 328 2628 urbem
346 2574 413 2629 AN
432 2579 436 2642 l
462 2573 619 2628 dimitteret
636 2575 664 2629 Β
687 2577 691 2643 Ι
715 2574 822 2628 oratius
840 2575 868 2627 A
887 2573 1014 2630 horatius
1033 2574 1063 2644 (h
1080 2592 1171 2645 capra

149 2662 215 2700 ocra.
232 2663 266 2700 m.
282 2647 309 2714 1)
324 2645 358 2699 N
371 2644 515 2700 hortacius
529 2645 556 2699 L
569 2648 578 2715 1)
594 2650 609 2698 7
629 2661 663 2699 ex
677 2652 740 2700 ante
755 2661 862 2699 summo
877 2646 942 2700 add.
960 2644 1000 2714 Ul
1017 2645 1171 2701 ammissus

149 2717 176 2769 B
191 2715 306 2770 annisus
316 2716 370 2770 LI
380 2720 384 2787 1
402 2717 563 2786 augendum
573 2717 601 2770 B
615 2717 618 2787 )
633 2714 760 2771 liberisI
769 2719 778 2786 ΙΙ
792 2723 808 2771 8
822 2717 1050 2786 magestatemB
1062 2718 1072 2785 Ι)
1086 2723 1103 2770 9
1119 2717 1171 2773 ad·

149 2803 244 2841 uersos
264 2790 360 2857 (supro
378 2805 394 2842 o
413 2805 448 2842 m.
468 2792 483 2841 1
503 2804 563 2856 poe.
583 2790 611 2856 v)
630 2789 658 2842 B
671 2790 681 2857 Ι)
696 2792 729 2840 10
749 2786 856 2868 species
874 2789 912 2856 ΙΙ
929 2786 999 2841 artis
1016 2787 1045 2841 L
1060 2790 1067 2870 Ι
1082 2788 1171 2852 ‚aemi-

149 2857 227 2912 nenti
242 2858 320 2912 aedis
335 2859 363 2912 B
377 2858 549 2912 seminantes
565 2859 649 2914 aedes
659 2859 701 2913 Bl
715 2858 863 2912 emmentis
879 2857 957 2912 aedis
968 2859 1002 2912 N
1012 2862 1170 2914 emmentes

150 2929 234 2984 aedos
246 2931 280 2983 N
284 2929 326 2982 ’L
340 2929 476 2983 eminenti
490 2929 570 2983 sedes
586 2931 608 2983 I
620 2931 623 2998 Ι
639 2928 740 2998 planas
754 2929 782 2982 B
798 2929 802 3001 Ι
819 2929 999 2998 submisitIll
1014 2934 1046 2983 11
1061 2928 1171 2985 fauoris

149 2999 170 3053 I
182 3003 186 3067 Ι
203 2999 277 3054 cium
295 3003 327 3055 io
346 3000 451 3054 ciuium
464 3007 530 3055 mot.
546 3000 587 3053 B¹
601 3003 610 3070 Ι)
626 3006 658 3054 12
678 2999 727 3068 qui
745 3016 846 3070 peoum
861 3001 887 3053 L
903 3006 907 3067 ι
924 3001 959 3054 do
974 3006 1038 3070 post
1054 3000 1171 3057 studere

148 3073 212 3126 add.
227 3073 249 3125 I
258 3075 267 3142 Ι)
283 3077 315 3125 13
330 3070 399 3125 urbe
413 3072 441 3125 B
457 3074 461 3138 Ι
478 3070 660 3141 comperisset
674 3072 702 3125 B
718 3074 722 3137 Ι
738 3071 878 3140 protraxit
895 3073 1042 3141 (posterior
1054 3088 1069 3124 r
1082 3088 1173 3142 supra

148 3159 255 3198 ceratem
272 3160 307 3197 m.
324 3145 350 3211 1)
365 3142 399 3197 N
408 3145 418 3212 Ι)
433 3148 466 3196 14
484 3141 614 3196 contione
633 3144 730 3212 (sopra
748 3159 763 3195 e
780 3143 891 3214 oirpcla
904 3159 973 3212 quae
986 3159 1016 3195 m
1028 3143 1173 3213 aipaificat

148 3216 238 3283 oasa)
258 3212 285 3266 L
306 3215 310 3282 Ι
331 3215 360 3268 et
382 3230 432 3269 om.
452 3215 480 3268 B
500 3218 504 3281 Ι
525 3213 672 3282 securique
690 3215 712 3267 I
730 3215 739 3281 ΙΙ
763 3217 796 3267 16
816 3214 968 3283 adoptasse
991 3215 1017 3282 (s
1035 3229 1070 3269 ea
1087 3215 1117 3284 t,
1139 3221 1173 3271 ut

148 3286 265 3352 oidetwr,
288 3302 357 3340 corr.
375 3303 410 3340 m.
431 3288 457 3352 1)
472 3287 500 3339 B
519 3284 670 3339 adobtasse
684 3286 721 3351 ΙΙ
737 3284 874 3354 populum
892 3287 941 3355 (pu
958 3300 1046 3354 supra
1062 3301 1173 3341 versura

148 3372 182 3410 m.
201 3358 229 3424 2)
250 3356 283 3410 N
302 3358 312 3425 ΙΙ
334 3362 367 3410 11
393 3354 452 3410 iam
473 3373 560 3424 supra
578 3373 684 3411 versum
702 3357 766 3410 add.
786 3355 813 3408 L
835 3358 845 3425 Ι)
868 3361 901 3409 19
919 3372 971 3425 pro
994 3361 1059 3410 ante
1076 3355 1172 3426 gloria

149 3427 214 3481 add.
233 3427 261 3479 L
280 3429 330 3482 oia
348 3433 430 3494 reete,
452 3445 476 3483 o.
496 3427 571 3495 111,
586 3432 604 3482 7
621 3429 625 3496 Ι
641 3426 790 3495 imperium
808 3425 1015 3481 lacescentibus
1033 3427 1083 3498 Β)
1100 3427 1173 3482 assi·

144 3495 201 3548 dua
216 3497 248 3550 L
265 3499 282 3565 sl
302 3503 339 3551 20
361 3497 408 3552 cui
430 3497 585 3554 Salmasius
609 3499 615 3568 l
638 3497 726 3568 patrii
749 3499 897 3568 (posterior
919 3497 930 3551 i
956 3514 1044 3568 supra
1063 3514 1174 3555 maura

126 3579 160 3617 m.
175 3568 213 3632 e)
228 3567 272 3620 N
279 3568 376 3637 patrii
393 3570 459 3626 AL
474 3574 479 3643 Ι
495 3569 579 3644 gliba
598 3571 621 3626 Ι·
