2436 3826
145 189 208 253 152
504 190 615 241 FLORI
632 191 791 241 EPITOMA

144 356 241 417 subito
270 358 375 434 ingens
398 358 477 415 inter
500 362 642 434 utrosque
666 355 829 435 sitentium,
857 357 941 434 quasi
965 357 1153 415 convenisset

90 456 123 505 81
144 454 174 505 et
195 445 244 505 bic
267 447 399 504 omnium
423 462 528 505 sensus
553 450 632 504 esset
655 440 725 522 ‘quo
749 439 875 522 usquei'
900 443 971 504 illud
991 446 1152 504 novissime

143 536 317 595 inusitatum
336 532 469 593 Caesaris
493 530 586 593 oculis
606 567 647 574 -
667 533 749 593 nefas
769 567 811 574 —
830 541 897 611 post
915 533 1153 612 quattuordecim

143 641 236 684 annos
267 622 389 702 probata
421 629 627 682 veteranorum
658 640 763 681 manus
795 622 917 699 gradum
949 628 1029 681 retro
1061 622 1153 703 dedit,

144 731 232 792 quos,
269 714 326 771 etsi
362 711 493 771 nondum
529 712 677 791 fugerant,
714 711 871 789 apparebat
906 718 1005 771 tamen
1037 711 1152 789 pudore
1179 726 1195 766 s

90 811 124 861 82
144 803 236 879 magis
265 818 352 880 quam
381 803 489 860 virtute
517 802 666 860 resistere.
712 802 810 878 itaque
839 799 887 860 ille
916 800 1047 878 ablegato
1074 819 1150 879 equo

144 889 249 949 similis
277 890 388 949 furenti
415 892 540 967 primam
568 891 600 947 in
625 890 718 948 aciem
741 891 897 967 procurrit.
943 889 986 949 ibi
1007 907 1151 967 prensare

143 978 292 1058 fugientis,
311 978 486 1037 confirmare
504 977 669 1056 signiferos,
689 994 773 1036 orare
787 977 900 1037 hortari
914 980 1078 1059 increpare,
1096 998 1152 1058 per

91 1077 124 1126 83
143 1074 238 1127 totum
248 1065 375 1144 denique
386 1083 490 1144 agmen
501 1065 594 1126 oculis
604 1064 741 1125 manibus
751 1065 878 1126 clamore
889 1066 1018 1126 volitare.
1040 1067 1152 1128 dicitur

143 1157 174 1214 in
197 1155 246 1215 ilfa
270 1153 490 1233 perturbatione
514 1162 544 1215 et
567 1154 603 1214 de
627 1156 767 1215 extremis
791 1157 917 1232 agitasse
937 1174 1038 1216 secum
1056 1159 1196 1216 mani-10

143 1245 278 1323 festoque
301 1242 382 1303 voltu
405 1244 506 1324 fuisse,
530 1245 614 1322 quasi
635 1261 779 1321 occupare
798 1252 923 1304 mortem
942 1263 1031 1305 manu
1050 1245 1150 1326 vellet3

143 1335 201 1393 nisi
237 1329 344 1412 †quod
377 1332 511 1392 cobortes
543 1332 673 1392 hostium
706 1334 835 1410 quinque
867 1352 922 1412 per
952 1340 1151 1394 transversam

144 1424 237 1483 aciem
255 1428 347 1501 actae,
366 1439 438 1500 quas
456 1420 604 1481 Labienus
623 1420 859 1500 periclitantibus
878 1425 983 1482 castris
1001 1423 1150 1502 praesidio

90 1520 125 1569 84
143 1514 278 1592 miserat,
312 1512 441 1589 speciem
473 1511 558 1588 fugae
590 1509 805 1588 praebuissent.
854 1511 910 1594 boc
943 1518 993 1571 aut
1025 1520 1055 1572 et
1086 1514 1150 1589 ipse

144 1600 270 1661 credidit
293 1606 343 1659 aut
366 1599 425 1659 dux
449 1599 572 1659 callidus
596 1601 721 1678 arripuit
744 1601 775 1659 iu
798 1602 992 1681 occasionem,
1016 1607 1044 1660 et
1066 1603 1151 1678 quasi
1165 1613 1194 1654 15

144 1692 175 1749 in
203 1690 349 1767 fugientes
378 1691 511 1749 invectus
540 1687 627 1748 simul
654 1695 684 1748 et
713 1707 834 1748 suorum
862 1691 958 1750 erexit
984 1691 1098 1749 animos
1121 1697 1152 1749 et

143 1779 238 1838 hostis
262 1777 397 1856 perculit.
435 1795 502 1836 nam
526 1776 609 1837 ethi
632 1776 703 1837 dum
722 1796 753 1836 se
772 1784 876 1855 putant
894 1780 1021 1858 vincere,
1044 1778 1151 1837 fortius
1188 1830 1189 1833 ,

145 1869 242 1947 sequi,
275 1873 306 1927 et
331 1865 503 1944 Pompeiani
535 1866 605 1926 ilum
639 1866 741 1944 fugere
774 1866 899 1926 eredunt
931 1883 1016 1947 suos,
1048 1866 1150 1943 fugere

91 1967 125 2016 85
145 1961 314 2034 coeperunt.
365 1961 472 2031 quanta
500 1954 589 2014 fuerit
615 1953 745 2015 bostium
774 1955 891 2035 caedes,
922 1957 967 2014 ira
993 1955 1150 2033 rabiesque

144 2043 305 2104 victoribus
338 2044 381 2102 sic
413 2044 562 2102 aestimari
593 2043 814 2123 potest„quod
847 2062 862 2103 a
893 2043 1006 2122 proelio
1034 2044 1152 2122 profugi
1165 2058 1195 2098 20

145 2151 212 2192 cum
245 2150 277 2191 se
304 2130 441 2190 Mundam
474 2133 671 2211 recepissent,
703 2140 733 2191 et
760 2130 867 2192 Caesar
895 2132 1025 2192 obsideri
1053 2135 1152 2193 statim

216 2360 231 2407 2
250 2352 280 2406 in
298 2353 344 2407 hie
362 2354 391 2406 Β
408 2353 454 2406 hic
472 2354 504 2408 0:
523 2372 590 2409 corr.
606 2354 788 2410 Mommsenio
804 2357 808 2423 1
825 2372 921 2409 sensus
940 2359 1001 2411 erat
1016 2358 1056 2424 01
1071 2355 1154 2409 illum

144 2423 296 2478 nouissime
319 2425 346 2478 Β
373 2423 525 2479 nouissime
552 2424 625 2478 illud
650 2426 674 2480 G
696 2425 830 2479 bellumt'
859 2427 1011 2482 novissime
1039 2430 1153 2482 Moram-

144 2513 224 2550 seoos
243 2497 253 2565 11
273 2500 288 2548 3
307 2494 486 2549 invisitatum
505 2497 640 2552 Graecias
659 2499 669 2566 11
691 2501 707 2549 5
726 2498 801 2566 quod
821 2500 848 2551 et
867 2498 891 2551 si
909 2500 943 2552 N
958 2497 1038 2562 Quod
1058 2498 1082 2552 si
1100 2499 1127 2551 L
1148 2500 1151 2569 1

144 2567 268 2638 fugerat:
288 2584 356 2623 corr.
371 2568 408 2622 N.
424 2568 559 2622 Heinsius
583 2573 587 2633 1
613 2567 745 2638 apparuit
762 2570 790 2623 Β
809 2570 814 2635 1
833 2570 970 2650 pudorem
989 2571 1012 2625 0
1031 2572 1040 2639 11
1064 2579 1079 2623 6
1098 2569 1153 2622 uir-

144 2641 234 2693 tutem
251 2638 291 2707 01
307 2637 356 2692 ille
375 2656 424 2694 om.
441 2638 484 2708 011
500 2646 513 2692 f
533 2639 673 2708 pensabat
686 2640 712 2693 L
725 2642 765 2710 118
783 2639 922 2711 fugientes
938 2642 972 2695 N
983 2641 1154 2711 refugientes

145 2711 172 2763 L
187 2715 192 2780 1
209 2709 356 2780 signiferos
376 2726 455 2764 orere
473 2709 582 2764 hortari
599 2709 743 2780 increpare
762 2729 813 2767 om.
830 2712 853 2766 0
870 2717 874 2774 1
894 2712 1039 2766 Pertotum
1058 2712 1154 2779 itaque

144 2783 171 2835 L
194 2784 203 2851 11
227 2787 242 2834 9
262 2798 364 2852 agmen
382 2799 431 2836 orit.
447 2782 474 2835 L
496 2784 505 2851 11
530 2787 562 2836 10
582 2781 721 2851 cogitasse
740 2783 766 2836 L
788 2787 792 2849 1
818 2783 906 2837 etita
924 2783 1074 2837 manifesto
1093 2785 1103 2851 (
1148 2826 1153 2836 .

145 2857 209 2923 que)
231 2853 279 2920 011
301 2858 332 2906 11
353 2852 435 2906 uultu
453 2853 513 2907 BL
531 2855 540 2924 11
563 2858 595 2906 12
615 2853 691 2921 quod
709 2871 758 2908 om.
777 2855 863 2909 Reno.
884 2872 922 2908 on
940 2855 1016 2922 quod
1033 2854 1154 2921 fecisset,

144 2924 221 2979 nisi?
240 2926 250 2992 1
274 2930 306 2976 13
325 2923 553 2993 periclitantibus
573 2925 600 2977 Β
623 2931 632 2990 11
655 2929 688 2976 14
707 2927 802 2977 autem
820 2926 849 2978 et
866 2926 894 2978 Β
910 2928 914 2995 1
931 2935 960 2979 et
977 2943 1026 2980 one.
1043 2926 1069 2978 L
1091 2929 1099 2992 11
1121 2930 1155 2977 lo

147 2994 278 3049 attribuit
299 2995 338 3063 01
355 2994 437 3063 quasi
455 2994 611 3065 fugientem
629 2997 689 3063 (om.
704 2994 743 3064 in)
766 2996 788 3050 0
807 2997 816 3064 11
840 3001 873 3048 16
893 2998 921 3051 et
939 2996 1059 3050 inuictos
1079 2998 1106 3050 Β
1126 2997 1155 3049 et

145 3066 204 3120 iem
221 3065 312 3120 victos
331 3068 449 3120 Iahnius
469 3068 478 3135 11
498 3073 529 3120 17
549 3065 638 3119 hostis
657 3065 678 3135 (i
695 3068 727 3120 in
745 3082 760 3119 o
779 3070 896 3123 mutavit
913 3087 946 3123 m.
962 3071 993 3138 2)
1012 3069 1045 3121 N
1060 3068 1155 3122 hostes

146 3138 172 3191 L
188 3141 193 3206 1
209 3140 237 3191 et
255 3155 304 3192 oin.
322 3139 345 3191 Ο
359 3140 363 3206 1
378 3137 409 3191 hi
428 3137 457 3206 (h
475 3153 561 3205 sopra
578 3138 693 3206 cessum)
707 3138 734 3190 Β
748 3139 757 3205 11
772 3142 805 3189 18
819 3136 849 3191 in
863 3146 927 3207 post
940 3138 1019 3208 sequi
1033 3138 1153 3208 1111101

145 3208 307 3279 pompeiani
326 3211 471 3277 (posterior
489 3207 499 3261 i
517 3214 636 3263 correcta
654 3225 686 3262 esc
699 3210 727 3276 e)
741 3209 769 3262 Β
782 3207 813 3260 in
826 3209 988 3279 pompeiani
1002 3210 1028 3263 L
1044 3213 1048 3279 1
1064 3209 1155 3280 fugire

147 3280 168 3348 (i
191 3282 222 3334 iii
245 3296 260 3333 e
283 3283 400 3335 mutavit
417 3298 450 3334 m.
466 3282 496 3348 2)
515 3280 550 3333 N
567 3280 577 3348 11
601 3285 633 3333 19
652 3277 738 3333 fuerit
761 3281 856 3349 (sopra
875 3280 886 3334 i
904 3283 1028 3352 virgula,
1050 3299 1119 3351 quae
1136 3299 1156 3333 n

145 3349 1155 3493 111111111111111111111111111111111·

138 3499 216 3545 reeta
237 3511 275 3547 ex
298 3510 327 3561 u,
351 3499 385 3549 ut
406 3493 523 3562 oidetwr)
543 3493 577 3547 N
595 3494 605 3564 1
627 3497 661 3546 20
685 3491 834 3548 aestimare
858 3498 1044 3564 (posteriorem
1063 3511 1077 3548 e
1096 3493 1156 3548 ini

122 3565 250 3616 mutanti
266 3581 301 3620 m.
317 3567 348 3636 I)
367 3566 399 3620 B
411 3565 421 3640 1
433 3567 536 3638 posset
549 3565 577 3622 B
593 3568 599 3638 1
614 3565 669 3622 hoc
689 3581 708 3620 a
722 3564 815 3637 (iiiii
830 3566 968 3619 munuum
985 3564 1160 3631 cepisseutG
