2436 3826
530 201 555 269 I,
576 208 608 255 22
628 201 676 270 (ΙΙ,
697 205 731 269 6).
1095 201 1139 265 55

117 367 250 430 dubium
277 367 385 428 deinde
413 385 474 427 non
502 368 560 427 erit
589 368 661 444 quin
684 362 823 426 ultimum
846 365 930 426 illum
954 364 1034 426 diem
1055 365 1138 426 babi-

120 464 192 518 tura
215 456 306 516 luerit
322 455 416 516 Roma
439 457 636 534 quintumque
660 457 738 514 intra
760 454 839 514 diem
858 453 973 532 epulari
992 453 1139 514 Hannibal

121 547 156 606 in
181 543 324 623 Capitolio
347 546 491 625 potuerit,
515 545 555 625 si,
579 543 657 622 quod
680 543 812 603 Poenum
835 542 919 603 illum
943 542 1054 603 dixisse
1078 541 1138 602 lla-

95 632 276 694 ·harbalem
302 632 475 693 Bomilcaris
507 632 621 712 serunt,
652 631 799 692 Hannibal
832 650 921 709 quem
953 631 989 691 ad
1017 631 1138 691 modum

91 724 217 782 asciret
245 723 365 782 vincere
397 724 440 782 sie
468 723 512 781 uti
539 723 662 781 victoria
690 723 805 780 scisset.
852 726 897 780 set
924 726 988 780 tum
1016 719 1137 798 quidem
1156 732 1191 780 22

124 809 222 891 illum,
250 817 284 869 ut
311 810 371 871 diei
398 808 483 889 volgo
512 809 599 890 solet,
628 815 677 870 aut
705 809 798 869 fatum
825 807 909 868 urbis
937 811 1136 887 imperaturae

124 905 177 960 aut
198 900 294 978 ipsius
317 916 401 958 mens
425 897 500 958 mala
524 906 553 958 et
577 896 673 958 aversi
696 897 908 974 aGarthagine
932 898 963 957 di
985 899 1015 958 in
1041 897 1138 956 diver-

125 1005 192 1048 sum
224 985 419 1049 abstulerunt.
469 1004 538 1047 eum
569 988 692 1046 victoria
722 992 825 1068 posset
856 987 913 1065 uti,
946 986 1006 1046 frui
1034 984 1138 1046 maluit
1156 997 1192 1047 21

124 1075 287 1154 relictaque
310 1074 402 1135 Roma
426 1074 615 1153 Campaniam
638 1075 857 1153 Tarentumque
884 1092 1057 1155 peragrare,
1086 1074 1139 1135 ubi

80 1181 110 1222 so
124 1182 194 1224 mox
227 1171 257 1223 et
288 1166 352 1243 ipse
386 1169 416 1223 et
449 1165 598 1223 analabus
630 1162 719 1222 ardor
749 1162 879 1240 elanguit
906 1163 978 1223 adeo
1007 1170 1041 1223 ut
1067 1181 1137 1224 vere

124 1253 238 1313 dietum
265 1253 304 1312 sit
331 1251 459 1330 Capuam
487 1250 645 1311 Hannibali
669 1247 784 1311 Cannas
812 1252 913 1311 fuisse.
960 1253 987 1311 si
1015 1251 1137 1330 quidem
1157 1264 1190 1312 22

122 1343 268 1401 invictum
289 1339 422 1420 Alpibus,
445 1340 622 1399 indomitum
645 1342 736 1399 armis
758 1339 899 1417 Campani
919 1374 961 1383 —
981 1342 1049 1418 quis
1073 1358 1136 1400 cre-

123 1425 231 1489 deret?
253 1462 295 1471 —
320 1427 398 1489 s'oles
422 1434 451 1488 et
473 1435 610 1506 tepentes
634 1427 765 1487 fontibus
789 1427 876 1488 baiae
901 1426 1091 1505 subegerunt.

190 1516 314 1578 Interim
341 1519 490 1595 respirare
513 1516 664 1577 Romanus
690 1524 720 1575 et
744 1518 829 1594 quasi
852 1514 888 1575 ab
912 1515 1016 1576 inieris
1040 1534 1136 1576 emer·
1155 1530 1190 1576 23

81 1621 110 1662 as
123 1624 203 1685 gere,
252 1624 333 1666 arma
365 1623 425 1665 non
457 1612 553 1665 erant:
591 1605 722 1664 detracta
756 1611 825 1664 sunt
856 1603 984 1682 templis.
1035 1604 1137 1663 deerat

123 1697 276 1756 iuventus:
304 1696 335 1753 in
364 1702 581 1754 sacramentum
605 1692 728 1752 liberata
751 1693 897 1773 servitia„
927 1691 1031 1770 egebat
1055 1710 1136 1752 aera·
1155 1706 1191 1752 24

123 1785 216 1843 rium:
244 1801 316 1862 opes
344 1800 412 1843 suas
440 1781 536 1842 libens
563 1789 683 1842 senatus
707 1783 737 1839 in
761 1780 893 1840 medium
915 1779 1053 1860 protulit,
1081 1798 1136 1841 neo

122 1878 243 1950 praeter
273 1871 352 1950 quod
379 1873 411 1930 in
438 1869 527 1930 bullis
557 1869 741 1948 singulisque
769 1869 865 1929 anulis
890 1875 953 1929 erat
977 1871 1137 1947 quiequam

89 2134 113 2187 Ι
123 2132 230 2200 (prima
253 2146 271 2184 a
293 2135 413 2185 correcto
435 2146 469 2183 m.
493 2133 509 2181 1
534 2145 567 2182 ea
589 2131 614 2197 e)
633 2129 661 2182 Β
684 2130 692 2196 11
717 2128 801 2196 iqui
825 2128 987 2182 multimum
1009 2130 1041 2183 12
1068 2129 1138 2197 quin

123 2217 256 2272 ultimum
272 2221 389 2273 mutauit
406 2218 446 2270 Β1
463 2221 467 2287 1
483 2201 598 2271 *abitura
615 2219 741 2286 (spiritus
759 2235 792 2271 aa.
812 2221 839 2286 1)
858 2218 886 2271 Β
909 2220 918 2287 11
936 2223 952 2269 2
971 2216 1064 2271 fuerat
1082 2218 1110 2270 Β
1130 2217 1134 2288 1

124 2287 243 2343 annibal
260 2289 282 2342 I
300 2291 310 2357 11
332 2294 348 2341 3
368 2287 393 2341 21
413 2289 501 2359 quod]
521 2287 594 2340 sieut
611 2289 633 2341 I
653 2291 657 2356 1
683 2287 865 2342 adherbalem
884 2290 1017 2357 (peiorem
1036 2304 1051 2341 s
1069 2290 1100 2343 12
1119 2304 1137 2341 2

122 2361 241 2416 mutauit
262 2376 296 2413 m.
316 2361 343 2428 11
363 2359 396 2411 Ν
415 2359 452 2411 ad
477 2357 602 2412 arbalem
620 2359 647 2411 L
669 2361 678 2428 11
702 2365 719 2412 4
737 2358 905 2413 momiloalis
924 2362 956 2414 ia
973 2357 1137 2413 bomilcaris

121 2427 494 2486 22212211111122121122211
507 2430 511 2497 1
527 2428 552 2482 21
565 2435 628 2484 ante
642 2429 760 2483 annibal
774 2431 837 2484 odd.
852 2432 874 2484 Ι
885 2435 889 2490 1
905 2446 978 2498 quae
992 2431 1020 2483 Β
1034 2446 1137 2498 quaem

121 2502 165 2556 B¹
178 2503 218 2571 111
237 2502 281 2554 set
298 2517 348 2556 om.
370 2499 458 2555 saed
476 2501 545 2569 1116
564 2499 651 2571 uulgo
670 2500 736 2553 AN
739 2500 781 2553 ²L
797 2499 802 2570 1
819 2499 897 2554 soled
910 2501 948 2572 Ι1
964 2500 1137 2570 imperatum

123 2573 221 2642 (eapse
244 2573 421 2641 posteriorem
450 2586 467 2624 a
490 2572 613 2652 parvula
640 2573 752 2640 rasura)
776 2571 810 2625 N
833 2571 880 2624 uel
902 2570 1026 2642 periture
1049 2588 1137 2640 supro

122 2659 229 2698 vermem
247 2643 295 2695 N*
308 2644 347 2712 117
371 2641 534 2709 carthagme
553 2641 582 2709 (b
600 2657 659 2763 sap.
679 2659 745 2697 vers.
764 2659 798 2695 m.
818 2643 846 2710 1)
865 2641 899 2694 N
913 2639 1079 2711 chartagine
1093 2643 1114 2695 I
1130 2642 1134 2712 1

122 2712 154 2767 (11
168 2715 201 2768 in
213 2729 314 2768 rasura
323 2713 364 2766 13¹
379 2711 421 2765 dii
430 2712 481 2766 LI
491 2714 500 2781 11
514 2717 530 2765 8
546 2710 630 2765 ebstn
641 2710 735 2765 lerunt
744 2713 876 2781 (priorem
889 2710 900 2763 1
914 2713 1050 2780 22222211
1063 2728 1097 2766 m.
1109 2714 1136 2780 1)

123 2785 158 2838 Ν
169 2787 175 2852 1
189 2782 281 2853 possit
298 2779 368 2852 1119
387 2781 537 2852 campania
550 2782 577 2835 B
594 2783 598 2850 1
614 2781 738 2851 perrexit
751 2784 778 2836 A
794 2781 799 2852 1
814 2780 864 2834 ubi
881 2797 947 2835 mox
965 2780 986 2850 (i
1003 2798 1032 2834 m
1050 2797 1137 2850 supro

122 2871 231 2910 versum
247 2871 282 2909 m.
301 2857 328 2923 1)
347 2855 375 2907 Β
392 2855 401 2922 11
423 2859 456 2908 10
475 2852 563 2922 ipsius
583 2859 646 2908 ante
664 2852 802 2905 exereitus
821 2853 886 2906 add.
905 2853 933 2905 A
953 2853 981 2905 et
999 2850 1088 2922 ipsius
1108 2854 1137 2906 et

122 2923 263 2979 exereitus
272 2925 402 2979 Doberes
417 2926 421 2992 1
437 2928 535 2977 uenum
546 2923 569 2978 0
580 2925 589 2992 11
604 2929 636 2976 11
652 2921 779 2977 annibali
789 2923 816 2976 A
828 2923 832 2993 1
849 2939 969 2976 cannam
979 2922 1013 2976 N
1020 2923 1024 2993 1
1035 2921 1137 2976 1212221

123 2997 151 3050 Β
165 2999 175 3066 1
190 3001 291 3065 mque
301 3001 364 3064 post
378 2993 546 3048 indomitum
560 2997 624 3049 odd.
635 2995 662 3049 A
678 2995 682 3062 1
699 2993 908 3063 2222221201
923 2998 957 3046 14
965 2991 1136 3066 Permissum

84 3072 88 3077 '
121 3068 167 3120 est
185 3074 249 3122 ante
266 3065 380 3120 interim
398 3066 462 3120 add.
482 3065 509 3118 A
530 3071 533 3133 1
554 3063 705 3135 respiraret
723 3067 745 3133 (t
763 3068 851 3134 erosa)
870 3066 898 3118 Β
914 3068 918 3134 1
938 3062 1061 3118 romanis
1080 3065 1108 3118 A
1129 3064 1136 3135 1.

121 3153 266 3208 emergere
284 3139 294 3204 1
297 3139 391 3205 priona
405 3151 420 3190 e
434 3137 466 3190 in
479 3153 580 3191 rasura
593 3139 712 3191 duarum
726 3137 891 3204 litterarum)
905 3136 933 3188 Β
946 3136 955 3204 11
972 3141 1004 3188 15
1019 3135 1137 3189 deerant

121 3212 152 3277 (n
170 3209 268 3278 deleto)
287 3208 315 3260 Β
337 3208 347 3276 11
371 3211 403 3260 16
426 3205 558 3261 iubentus
576 3209 598 3261 Ι
619 3210 622 3276 1
645 3205 755 3259 militiae
779 3214 843 3261 ante
860 3205 983 3260 liberata
1001 3207 1066 3262 aad.
1087 3206 1133 3274 01

121 3278 712 3417 natantianatantia
725 3275 1135 3418 111111111111111111

121 3419 216 3476 anulis
229 3421 362 3476 Iordanes
379 3420 437 3474 2221.
451 3420 635 3490 Polliapeosis
653 3417 775 3488 cingulis
790 3417 939 3488 anulisque
955 3419 983 3473 0.
998 3419 1136 3474 Boethius

121 3490 225 3563 sigillis
249 3489 341 3545 anulis
365 3489 514 3558 1122111122,
537 3497 567 3544 21
588 3507 612 3544 2.
632 3491 807 3562 Aeposte'ous
829 3492 863 3548 de
885 3491 940 3547 cio.
956 3491 987 3545 sl.
1007 3491 1061 3543 111
1075 3490 1152 3556 tub

120 3562 272 3630 quiequam
289 3560 359 3615 AN
362 3560 373 3592 ⁹
388 3559 540 3632 quisquam
562 3562 584 3620 O
