2436 3826
471 210 509 279 Π,
529 215 562 263 13
581 210 656 280 (nn,
675 213 710 280 2).
1032 210 1092 274 151

87 377 216 437 Africam
248 375 405 456 superabat
431 375 579 455 Hispania.
629 377 790 456 plurimum
818 384 959 457 quantum
988 377 1095 438 lavaris
1116 389 1149 438 74

87 465 222 546 partihus
250 465 337 526 dabat
364 465 532 526 fraternitas
560 466 668 526 ducum
697 473 726 526 et
753 484 807 544 pro
835 484 894 527 uno
918 466 993 526 duos
1017 474 1095 527 stare

87 554 252 633 Pompeios.
284 557 383 633 itaque
402 573 547 633 nusquam
565 557 695 616 atrocius
712 573 768 615 nec
786 562 846 615 tam
866 557 988 634 ancipiti
1003 554 1095 615 Marte
1115 567 1148 616 75

89 662 267 704 concursum
303 649 355 702 est.
414 645 544 722 primum
579 647 611 703 in
647 647 712 723 ipsa
750 646 826 704 ostio
863 643 974 704 Oceani
1002 643 1096 704 Varus

61 732 251 811 sllidiusque
283 731 372 810 legati
405 732 571 793 conflixere.
627 734 680 793 sed
712 735 810 793 acrius
843 733 899 793 luit
931 751 998 793 cum
1030 735 1095 812 ipso

89 823 163 882 mari
201 839 288 899 quam
325 823 403 880 inter
439 839 471 881 se
507 821 630 882 navibus
665 821 789 903 hellum3
827 822 974 900 siquidem
1011 824 1096 901 quasi

88 911 219 971 furorem
253 911 379 970 civicum
411 912 566 988 castigaret
598 910 746 992 Oceanus,
782 918 937 990 utramque
971 911 1096 972 classem

34 1027 36 1030 ’
88 999 240 1077 naufragio
259 998 374 1059 cecidit.
412 1001 532 1078 quinam
549 999 598 1060 ille
617 1000 733 1080 horror,
754 1019 821 1061 cum
840 1000 944 1060 eodem
961 1007 1095 1078 tempore
1115 1011 1148 1061 76

89 1088 197 1148 fluctus
219 1087 365 1167 procellae
388 1090 445 1148 viri
467 1107 556 1149 naves
579 1097 760 1150 armamenta
784 1087 989 1168 confligerent!
1021 1089 1095 1149 adde

48 1191 75 1232 ro
89 1179 164 1237 situs
182 1179 276 1255 ipsius
295 1176 491 1258 formidinem,
509 1180 661 1256 vergentia
679 1181 710 1238 in
730 1197 823 1239 unum
841 1179 910 1238 hinc
929 1178 1096 1258 Hispaniae,

88 1265 157 1325 inde
180 1265 378 1325 Mauretaniae
405 1266 504 1347 litora,
531 1284 613 1327 mare
636 1274 666 1327 et
689 1270 863 1327 intestinum
887 1274 917 1327 et
940 1273 1096 1327 externum

88 1356 325 1431 inminentesque
339 1353 475 1416 Herculis
495 1355 639 1435 speculas,
658 1375 726 1416 eum
745 1358 843 1415 omnia
862 1354 992 1434 undique
1008 1355 1096 1415 simul

88 1442 200 1521 proelio
233 1448 263 1501 et
293 1448 467 1521 tempestate
500 1447 654 1505 saevirent.
704 1463 772 1505 mox
803 1446 881 1504 circa
909 1443 1095 1504 ohsidionem
1115 1456 1147 1505 11

88 1530 206 1591 urbium
233 1533 382 1611 utrimque
410 1533 579 1593 discursum
602 1540 660 1613 est,
689 1551 762 1612 quae
786 1535 912 1592 miserae
936 1535 1015 1592 inter
1037 1532 1093 1592 hos

49 1630 175 1699 16atque
199 1619 265 1680 illos
288 1620 378 1681 duces
402 1623 551 1681 societatis
573 1621 721 1682 Romanae
745 1639 854 1700 poenas
879 1620 994 1681 dabant.
1032 1639 1093 1680 om-

88 1711 172 1769 nium
198 1715 347 1788 postrema
374 1711 567 1770 certaminum
590 1709 706 1770 Munda.
751 1710 799 1769 hic
828 1727 889 1769 non
916 1728 969 1788 pro
998 1716 1096 1769 cetera
1115 1721 1147 1771 78

88 1798 240 1878 felicitate,
271 1797 323 1857 sed
355 1817 463 1877 anceps
496 1806 525 1858 61
557 1799 608 1859 diu
635 1801 720 1858 triste
753 1797 913 1878 proelium,
944 1805 978 1858 ut
1009 1797 1095 1876 plane

88 1887 238 1947 videretur
268 1889 369 1947 nescio
397 1887 467 1965 quid
496 1886 659 1947 deliberare
686 1886 824 1948 Fortuna.
876 1905 945 1947 sane
973 1894 1004 1947 et
1030 1889 1094 1966 ipse
1115 1901 1147 1948 re

89 1982 155 2035 ante
184 1978 276 2035 aciem
305 1978 444 2035 maestior
471 1994 531 2035 non
559 1995 594 2036 ex
618 1995 700 2037 more
723 1976 844 2057 Caesar,
872 1979 933 2036 sive
957 1983 1095 2054 respectu

49 2062 255 2141 sofragilitatis
279 2063 436 2144 humanae,
466 2067 527 2138 sive
550 2067 672 2125 nimiam
694 2083 905 2145 prosperarum
928 2073 1095 2144 suspectam

88 2151 200 2211 hahens
225 2154 484 2234 continuationem,
506 2154 553 2214 vel
577 2154 679 2215 eadem
702 2158 820 2235 timens,
842 2159 998 2234 postquam
1017 2154 1096 2214 idem

90 2258 156 2299 esse
184 2248 322 2319 coeperat
349 2242 427 2320 quod
455 2243 626 2324 Pompeius3
654 2251 684 2304 et
711 2247 743 2304 in
770 2247 835 2323 ipso
862 2243 988 2324 proelio,
1016 2243 1094 2322 quod
1114 2256 1148 2306 80

89 2346 175 2389 nemo
199 2347 338 2407 umquam
360 2335 544 2413 meminerat,
567 2351 635 2393 cum
659 2333 710 2394 diu
729 2336 795 2412 pari
812 2333 904 2393 Marte
924 2335 1002 2393 acies
1020 2332 1095 2392 nihil

88 2417 212 2496 amplius
246 2438 332 2497 quam
365 2422 548 2502 occiderent,
579 2423 612 2481 in
643 2422 739 2483 medio
768 2422 872 2483 ardore
900 2424 1094 2501 pugnantium

159 2595 172 2642 1
192 2590 338 2657 quamtum
357 2589 390 2643 N
403 2592 446 2659 112
466 2590 521 2644 duo
540 2592 574 2644 N
583 2592 593 2659 11
611 2599 627 2644 3
645 2594 741 2645 tamen
760 2592 786 2644 L
800 2595 808 2661 11
827 2597 844 2644 4
862 2608 1025 2645 conuersum
1042 2593 1068 2645 L
1090 2593 1092 2661 1

86 2659 158 2715 inito
180 2663 212 2714 iu
234 2659 326 2728 inipso
349 2662 466 2714 atutaaa't
483 2662 544 2727 13²1
565 2661 657 2715 hostio
677 2661 782 2716 ocaeani
800 2663 829 2715 Β
853 2664 857 2726 1
882 2661 977 2715 uarius
996 2663 1024 2715 Β
1046 2665 1055 2731 11
1079 2669 1094 2716 6

88 2730 162 2799 siqui
181 2732 245 2783 dem
263 2730 342 2783 uelut
360 2731 394 2783 N
409 2729 555 2798 Siquidem
572 2731 658 2784 uelud
672 2733 698 2786 L
712 2735 721 2801 11
736 2738 750 2785 ‘l
770 2732 874 2785 ciuium
888 2733 915 2786 Β
935 2731 1046 2785 auieum
1060 2733 1094 2800 L,

87 2803 273 2869 eflp.130,3
294 2802 297 2868 1
318 2800 408 2853 classe
426 2801 454 2853 Β
472 2803 481 2870 11
500 2806 515 2853 9
534 2801 664 2856 fluctibus
684 2805 711 2857 B
730 2803 835 2856 fructus
853 2803 892 2869 01
908 2802 1048 2872 procellae
1067 2805 1095 2872 (ο

84 2887 137 2940 pra
156 2888 170 2922 r
185 2872 328 2939 positurus
346 2877 405 2925 erat
423 2873 565 2941 librarius)
579 2873 613 2926 N
633 2876 638 2943 1
663 2890 741 2927 arma
756 2905 762 2916 ·
778 2876 807 2928 et
825 2876 952 2928 armenta
970 2875 998 2928 Β
1017 2890 1095 2928 arma

87 2944 116 2996 et
130 2942 304 2994 armamenta
314 2942 445 2998 Halmius
460 2945 465 3012 1
481 2941 645 2997 addesituus
656 2947 747 3014 (prior
757 2947 843 3014 dsup.
853 2962 919 3000 cers.
930 2963 964 2999 m.
976 2954 1001 3012 1,
1014 2947 1096 3000 uerba

87 3015 212 3068 diiunxit
229 3030 263 3066 m.
278 3015 307 3081 2)
322 3015 356 3067 N
365 3017 374 3081 11
390 3019 422 3066 10
441 3013 572 3085 urgentia
585 3016 613 3068 Β
629 3018 633 3084 1
649 3015 713 3070 hine
727 3015 886 3086 inispaniae
900 3018 928 3071 Β
941 3019 951 3086 11
966 3022 997 3069 11
1012 3016 1096 3070 mori·

86 3084 182 3138 taniae
201 3086 279 3153 (corr.
294 3102 327 3138 aa.
343 3088 371 3154 1)
388 3086 416 3138 Β
434 3085 615 3140 mauretaniae
634 3087 656 3157 (i
674 3105 733 3156 sup.
748 3105 763 3142 e
782 3106 815 3143 m.
830 3091 858 3158 2)
877 3089 911 3142 N
925 3086 1094 3160 mauritanip

87 3158 113 3210 L
129 3160 133 3226 1
149 3158 291 3210 esternnm
304 3157 331 3210 B
345 3159 355 3226 11
370 3162 402 3210 12
416 3156 643 3226 imminentisque
659 3159 702 3227 011
717 3164 749 3212 13
763 3161 792 3212 61
806 3177 856 3214 om.
870 3160 898 3213 B
914 3163 918 3224 1
935 3157 1095 3213 obsidiones

88 3228 178 3295 01115
199 3226 342 3281 societatis
362 3230 387 3297 (c
405 3247 439 3284 uz.
456 3236 471 3282 1
490 3237 609 3284 carrecta
628 3247 661 3284 ec
679 3232 703 3298 t)
721 3231 755 3284 N
769 3231 919 3284 societates
939 3231 965 3282 L
981 3231 985 3297 1
1000 3246 1095 3283 romae

86 3301 114 3353 Β
128 3302 137 3369 11
153 3304 185 3352 16
203 3300 344 3368 postremo
363 3299 390 3352 L
405 3302 409 3369 1
425 3299 553 3354 numidio
570 3317 656 3370 supra
674 3300 779 3354 munda
793 3302 827 3355 N
830 3303 840 3333 ²
853 3303 862 3371 11
882 3304 914 3355 18
933 3299 1054 3354 liberare
1068 3302 1096 3354 Β

87 3369 191 3424 librare
205 3370 337 3425 Halmius
350 3373 360 3440 11
375 3376 407 3424 19
426 3371 547 3426 caesaris
558 3401 564 3413 ·
575 3388 624 3426 sue
642 3373 789 3440 (pometum
807 3379 870 3427 aute
884 3388 933 3426 sue
947 3379 973 3426 et
985 3374 996 3424 i
1009 3389 1096 3441 supra

87 3459 106 3493 u
128 3442 192 3497 add.
211 3460 245 3495 m.
267 3444 293 3510 1)
311 3443 339 3495 Β
363 3458 442 3496 cesar
460 3443 504 3496 sui
522 3443 549 3497 L
574 3444 578 3511 1
602 3444 760 3512 respectum
778 3445 805 3497 B
823 3445 964 3513 respectus
985 3442 1009 3496 G
1028 3445 1037 3512 11
1061 3449 1095 3496 20

88 3515 250 3593 suspectans
270 3513 296 3566 L
319 3514 327 3582 11
350 3519 383 3567 22
403 3514 464 3571 sed:
484 3531 551 3569 corr.
568 3515 686 3569 Iahnius
708 3517 720 3584 1
740 3519 923 3583 neququam
940 3515 967 3566 L
981 3514 1108 3582 &maces

83 3599 156 3650 pam.
175 3583 204 3636 L
215 3586 224 3652 1
237 3581 309 3636 nihil
329 3583 408 3639 aliud
429 3585 458 3657 0,
477 3593 507 3644 at
525 3604 593 3660 61).
611 3590 707 3658 134,8
