2436 3826
392 173 417 242 Ι,
436 179 478 228 eo.
498 178 533 226 47
552 173 613 243 (ΠΙ,
633 177 755 244 11-12).
1011 173 1075 238 113

62 343 159 420 aurei,
188 343 251 400 sine
280 340 404 419 flagitio,
433 342 496 400 sine
525 339 650 420 scelere,
679 340 750 418 dum
778 342 893 402 sincera
922 340 1016 400 adhuc
1044 348 1075 402 et

62 431 183 490 innoxia
200 431 347 508 pastoriae
367 429 446 489 illius
466 435 563 489 sectae
580 431 744 510 integritas
763 429 891 508 dumque
906 429 1074 490 Poenorum

60 519 192 580 hostium
216 520 365 578 inminens
389 524 486 578 metus
510 517 698 597 disciplinam
720 525 852 578 veterem
875 517 1072 579 continebant.

61 610 175 687 posteri
199 614 328 688 centum,
352 625 425 686 quos
445 625 461 666 a
480 606 665 686 Carthaginis
685 605 819 667 Corinthi
837 607 1071 686 Numantiaeque
1091 619 1109 668 3

33 697 187 759 sexcidiis
215 703 245 756 et
267 695 356 756 Attali
383 697 463 774 regis
486 695 614 756 Asiatica
642 695 806 778 hereditate
835 696 1011 756 deduximus
1040 698 1072 756 in

62 785 220 846 Caesarem
243 792 274 845 et
293 785 469 864 Pompeium
492 790 687 862 secutumque
710 784 773 865 hos,
797 784 910 863 dequo
930 785 1073 866 dicemuS,

61 875 240 954 Augustum,
272 881 306 934 ut
338 873 470 934 claritate
502 891 604 934 rerum
626 872 800 933 bellicarum
831 875 994 954 magnifici,
1031 876 1073 934 ita

62 963 234 1023 domesticis
262 962 395 1023 cladibus
422 964 526 1022 miseri
554 969 584 1022 et
612 961 815 1023 erubescendi.
862 965 971 1042 quippe
995 965 1109 1025 sicuti

62 1051 186 1111 Galliam
209 1051 378 1131 Thraciam,
402 1050 535 1111 Ciliciam
559 1050 787 1131 Cappadociam,
810 1051 977 1113 uberrimas
1003 1051 1072 1112 vali·

20 1164 48 1203 ao
62 1141 259 1219 dissimasque
287 1142 468 1221 provincias,
495 1140 651 1200 Armenios
677 1141 766 1216 etiam
789 1146 819 1200 et
841 1140 1012 1221 Britannos,
1040 1148 1073 1201 ut

61 1248 122 1290 non
151 1232 183 1289 in
206 1248 308 1310 usum,
336 1231 377 1290 ita
399 1229 435 1289 ad
458 1231 578 1308 imperii
601 1231 730 1307 speciem
753 1248 858 1309 magna
881 1232 1000 1290 nomina
1023 1229 1071 1289 ad-

62 1321 192 1398 quisisse
215 1318 374 1397 pulchrum
397 1337 431 1378 ao
455 1317 609 1398 decorum3
637 1320 679 1378 ita
702 1318 805 1378 eodem
828 1325 962 1398 tempore
986 1319 1107 1380 dimi-o

62 1426 145 1468 casse
178 1407 258 1467 domi
295 1426 363 1467 oum
397 1406 512 1467 civibus
541 1408 644 1487 sociiS,
677 1409 832 1486 mancipiis
860 1406 1071 1486 gladiatoribus

61 1503 182 1575 totoque
219 1498 299 1556 inter
337 1514 369 1556 se
402 1502 507 1556 senatu
539 1501 625 1574 turpe
658 1502 745 1574 atque
778 1496 987 1557 miserandum.
1038 1511 1107 1560 aco

20 1587 163 1647 innescio
192 1603 229 1644 an
257 1586 349 1645 satius
377 1585 467 1644 luerit
493 1583 602 1663 populo
631 1582 665 1644 R.
689 1583 790 1644 Sicilia
820 1591 850 1644 et
877 1585 974 1645 Africa
1001 1603 1071 1645 con-

61 1680 143 1735 tento
166 1674 268 1753 luisse,
291 1680 342 1734 aut
364 1673 411 1733 his
434 1674 523 1733 etiam
542 1674 616 1751 ipsis
636 1690 737 1732 carere
757 1672 921 1733 dominanti
939 1675 970 1733 in
989 1672 1071 1734 ltalia

62 1782 115 1824 sua
144 1781 232 1841 quam
261 1780 295 1822 eo
323 1761 536 1841 magnitudinis
564 1779 700 1821 crescere
723 1767 757 1822 ut
778 1760 891 1822 viribus
916 1763 978 1822 suis
1002 1779 1070 1822 oon·

61 1853 209 1912 liceretur.
248 1860 322 1930 quae
342 1853 422 1911 euim
440 1869 489 1910 res
513 1849 569 1910 alia
590 1849 692 1910 civiles
711 1850 828 1910 furores
846 1852 964 1929 peperit
983 1841 1070 1929 quam
1090 1864 1105 1912 ‘t

61 1942 170 2001 nimiae
199 1936 379 2000 felicitates?
425 1939 509 2018 Syria
536 1941 709 2018 primanos
733 1940 811 1999 victa
833 1941 979 2019 corrupit,
1001 1958 1070 1999 mox
1157 1957 1159 1960 ⁴

20 2051 48 2092 ao
62 2030 189 2090 Asiatica
213 2029 388 2108 Pergameni
415 2030 494 2107 regis
520 2028 678 2088 hereditas.
724 2027 791 2088 illae
820 2046 891 2107 opes
915 2034 1002 2106 atque
1027 2028 1069 2089 di·
1089 2043 1106 2092 8

62 2120 151 2179 vitiae
175 2117 315 2178 adflixere
340 2116 451 2178 saeculi
474 2135 573 2177 mores
596 2135 783 2196 mersamque
802 2119 883 2177 vitiis
902 2119 965 2177 suis
985 2120 1070 2196 quasi

60 2209 177 2268 sentina
200 2225 265 2267 rem
287 2225 315 2285 p.
338 2224 460 2285 pessum
483 2206 602 2267 dedere.
639 2206 718 2267 unde
742 2208 821 2266 enim
845 2206 972 2286 populus
995 2205 1028 2267 R.
1053 2226 1069 2267 a

59 2295 189 2357 tribunis
218 2314 304 2374 agros
332 2302 363 2355 et
388 2294 499 2356 cibaria
522 2295 668 2374 flagitaret
690 2297 750 2356 nisi
772 2314 827 2374 per
850 2295 958 2356 famem
981 2314 1069 2374 quam

132 2562 145 2609 1
171 2555 262 2610 aureis
287 2555 347 2610 sine
365 2555 393 2608 L
414 2556 424 2624 lt
446 2560 462 2607 3
481 2553 629 2608 imminens
648 2555 676 2608 Β
698 2555 708 2623 ΙΙ
730 2559 748 2606 4
764 2554 900 2623 postremi
919 2555 943 2609 0
964 2559 968 2623 l
993 2555 1069 2623 quod

59 2627 87 2681 Β
112 2628 116 2696 Ι
141 2625 332 2696 achartaginis
351 2627 380 2681 Β
404 2625 600 2680 achartaGinis
618 2624 665 2695 (Gi
685 2642 772 2694 supra
789 2627 904 2694 versam)
923 2626 951 2679 L
975 2627 979 2694 Ι
1004 2626 1068 2680 cho-

58 2696 127 2751 rinti
141 2699 167 2752 L
185 2698 195 2766 ΙΙ
214 2703 229 2751 5
249 2697 414 2752 deduximus
434 2698 526 2766 (prior
544 2695 563 2748 d
578 2702 697 2752 correcto
710 2713 744 2750 ea
757 2699 781 2763 r)
795 2697 823 2750 Β
842 2698 851 2766 ΙΙ
869 2695 1067 2764 oponpeium.

59 2770 87 2822 L
102 2771 106 2837 Ι
123 2770 327 2836 sequutumque
341 2769 369 2822 Β
385 2771 389 2837 1
406 2766 538 2822 dicimus:
556 2784 625 2822 corr.
640 2767 715 2822 Voss.
730 2766 822 2821 Patet.
836 2770 876 2836 l⁷
895 2768 925 2820 et
939 2766 1068 2822 claritate

61 2839 85 2893 0
104 2842 114 2907 n
137 2846 152 2892 9
176 2838 264 2910 gallia
287 2840 315 2893 Β
335 2839 339 2909 Ι
360 2837 481 2893 siciliam
498 2839 527 2893 Β
542 2840 551 2920 j
572 2836 755 2907 capadociam
772 2837 800 2890 L
821 2840 831 2906 ΙΙ
856 2842 888 2892 10
912 2837 1067 2892 carmenios

59 2911 152 2978 (prior
171 2925 186 2962 e
209 2911 356 2980 expromo)
374 2912 401 2964 L
425 2912 430 2979 Ι
455 2911 484 2964 et
506 2909 666 2963 brittannos
683 2933 695 2958 e
712 2906 799 2962 etiam
821 2908 849 2961 L
873 2910 877 2978 Ι
901 2906 1070 2964 brettannoi‘

44 2983 207 3050 (posterior
229 2983 243 3034 t
265 2982 362 3050 delete)
381 2982 409 3035 B
431 2979 591 3035 brittannos
609 2982 643 3034 N
657 2983 666 3049 ΙΙ
688 2984 720 3032 11
739 2995 795 3033 non
812 2977 937 3032 inuisum
954 2980 983 3034 Β
1002 2981 1012 3049 ΙΙ
1034 2986 1066 3034 12

58 3051 210 3120 atquisisse
224 3053 252 3106 B
272 3051 434 3119 adquesissa
453 3052 474 3122 (i
491 3070 578 3122 supra
592 3053 714 3121 priorem
727 3067 742 3104 e
756 3069 790 3106 m.
805 3051 836 3120 2)
850 3050 884 3103 N
894 3050 1066 3118 adquissisae

59 3125 86 3177 L
99 3126 108 3193 tl
124 3129 157 3176 12
170 3122 319 3192 pulchrum
334 3122 364 3192 (h
377 3140 462 3192 supra
475 3126 591 3193 aereum)
605 3124 633 3177 Β
648 3125 652 3191 1
668 3122 722 3176 hac
735 3122 763 3175 Β
776 3124 786 3192 ΙΙ
802 3127 834 3175 14
847 3123 924 3175 turre
938 3126 968 3191 (p
981 3139 1068 3192 supra

55 3197 231 3265 posteriorem
248 3212 263 3247 r
280 3212 314 3249 m.
331 3195 362 3263 2)
380 3195 414 3248 N
433 3198 437 3263 Ι
460 3194 592 3250 annesoio
610 3194 644 3248 N
660 3196 669 3263 fl
694 3197 725 3246 15
745 3209 779 3246 ac
797 3191 866 3246 satis
885 3193 913 3246 Β
936 3195 940 3262 Ι
962 3192 1067 3248 fuerint

58 3267 85 3320 L
106 3267 110 3335 Ι
130 3266 234 3336 populo
256 3267 348 3335 (prior
365 3281 382 3318 o
400 3273 520 3321 correcta
538 3284 572 3321 ecc
590 3269 619 3332 u)
638 3265 664 3318 L
685 3265 689 3333 Ι
710 3280 742 3317 co
759 3265 839 3318 tento
857 3264 892 3317 N
906 3265 1067 3318 contentum

58 3338 129 3408 ΝἸΙ
145 3344 176 3391 16
195 3353 309 3408 parcere
327 3338 355 3391 B
371 3340 376 3405 1
392 3336 549 3390 dominanti
567 3337 713 3408 (posterior
731 3334 741 3389 i
758 3353 845 3405 supra
863 3352 969 3390 uersam
985 3354 1019 3391 m.
1035 3337 1066 3406 2)

58 3409 93 3462 N
106 3411 116 3477 11
135 3414 168 3463 18
192 3409 267 3463 enim
288 3425 374 3478 stupro
395 3425 502 3464 oeream
519 3408 546 3462 L
564 3410 573 3477 11
592 3412 625 3461 19
645 3405 750 3460 nimiae
767 3405 914 3460 felicitatis
932 3408 960 3461 B
977 3405 1067 3461 nimia

57 3479 181 3534 felicitas
201 3481 225 3536 C
242 3483 246 3548 Ι
266 3478 405 3552 coruplpit
423 3480 450 3534 L
469 3481 479 3548 ΙΙ
500 3484 533 3533 21
553 3479 663 3533 afficere
686 3480 718 3532 io
736 3477 859 3532 afflixere
877 3481 996 3534 mutauit
1017 3480 1083 3544 LN

59 3556 92 3604 22
112 3551 154 3604 rei
172 3551 285 3621 publice
303 3551 330 3605 L
342 3553 353 3622 ll
367 3555 401 3604 23
420 3550 516 3606 famen
534 3551 561 3606 L
821 3587 829 3599 ·

101 3648 187 3688 Florus
201 3650 234 3689 ed.
251 3650 275 3691 0.
290 3651 451 3694 Rossbach.
866 3639 889 3687 Q
