2436 3826
417 123 619 175 1111110110
638 123 807 176 anmoins
1082 121 1119 175 LI

105 291 276 351 flammatus
310 289 374 349 eius
406 289 512 348 laudes
544 290 652 349 melius
685 293 717 350 et
750 291 918 367 elegantius
953 290 1118 350 celebravit

104 398 196 458 quam
220 379 273 438 alii
294 378 399 451 multi;
425 381 514 437 etex
537 379 722 456 gravissimis
746 398 823 456 quae
846 379 891 438 illi
911 378 1119 439 obiciebantur

103 469 251 529 nonnulla
273 468 359 529 velut
381 466 413 525 id
436 466 516 544 quod
539 465 686 527 Graevius
708 467 787 546 116,
808 472 848 528 12
872 468 1034 547 legendum
1053 486 1117 528 esse

103 557 233 635 putabat
259 556 420 615 miserabili
445 557 549 628 femere
569 573 627 631 per
653 559 780 616 mediam
807 559 894 620 011110
916 558 1017 617 arbem
1038 559 1119 616 otesm

103 648 171 720 fecit
192 646 254 704 iam
276 645 423 704 librorum
441 644 503 703 BN
522 645 635 705 auxilio
655 645 813 705 emendata
836 649 915 706 sunt.
943 647 1000 706 hac
1022 646 1119 724 igitur

102 735 249 812 imprimis
270 733 419 810 epitomae
437 733 562 811 virtute,
576 734 620 792 ad
638 753 730 812 quam
750 736 847 795 altera
861 735 1023 795 accedebat
1036 734 1118 812 quod

104 828 174 901 apte
205 827 237 883 et
264 823 339 883 scite
369 822 504 899 priorum
527 823 740 883 historicorum
763 842 891 902 magnae
913 824 1002 884 molis
1026 842 1117 900 opera

103 914 149 973 ita
166 914 197 971 in
211 911 334 972 brevius
349 913 505 971 contracta
523 915 595 972 sunt
612 915 648 972 ut
666 912 820 991 graviores
838 931 887 972 res
905 932 1000 989 paene
1015 931 1117 972 omnes

103 1004 316 1072 memorentur,
340 1000 479 1060 effectum
498 1003 545 1060 est
564 1004 601 1060 ut
622 1020 677 1078 per
699 1004 797 1062 totam
819 1002 1035 1080 antiquitatem
1057 1002 1116 1060 fre·

103 1090 299 1168 quentissime
338 1092 371 1149 et
405 1091 559 1166 legeretur
596 1094 628 1150 01
659 1091 878 1151 describeretur
910 1109 1006 1168 eaque
1039 1109 1116 1167 quae

102 1181 195 1258 vulgo
225 1180 262 1239 de
289 1179 403 1255 populo
431 1180 524 1255 atque
552 1180 678 1256 imperio
701 1180 836 1239 Romano
864 1198 961 1258 usque
992 1180 1031 1238 ad
1053 1178 1116 1237 Au-

102 1269 259 1346 gustinum
292 1271 323 1327 et
355 1266 495 1328 Orosium
528 1268 630 1345 opinio
663 1268 796 1328 obtinuit
827 1269 866 1328 ab
899 1269 955 1328 1100
987 1269 1116 1327 maxime

102 1358 206 1417 libello
239 1358 391 1433 penderet.
438 1375 508 1416 cum
539 1357 620 1417 enim
648 1357 755 1417 Livius
788 1357 902 1434 aliique
933 1357 1116 1419 vetustiores

101 1466 156 1524 per
178 1447 325 1506 librorum
351 1445 478 1504 decades
505 1444 536 1503 id
564 1446 721 1506 ostendere
750 1446 783 1505 in
806 1446 906 1506 animo
929 1446 1117 1505 haberenta

102 1534 211 1612 quibus
238 1533 409 1611 primordiis
437 1534 573 1592 Romana
599 1553 646 1594 res
674 1534 797 1610 publica
825 1536 864 1594 ad
892 1553 1041 1594 summam
1063 1553 1116 1610 po-

104 1624 230 1684 tentiam
258 1623 447 1699 pervenisset
474 1625 506 1681 et
534 1623 683 1699 quomodo
710 1625 874 1699 paupertas
899 1626 930 1682 et
952 1623 1116 1700 frugalitas

45 1762 47 1766 .
102 1714 269 1789 priscorum
298 1711 412 1772 civium
439 1711 550 1770 sensim
576 1711 608 1770 in
636 1711 798 1771 avaritiam
825 1712 1037 1789 luxuriamque
1064 1711 1116 1770 ab·

102 1802 196 1880 iisset,
218 1801 327 1860 Florus
349 1799 464 1877 primus
488 1819 592 1860 eorum
615 1799 668 1877 qui
688 1801 808 1877 quidem
828 1803 961 1860 aetatem
978 1801 1117 1860 tulerunt

100 1891 202 1951 divino
230 1890 361 1967 quodam
389 1889 512 1948 consilio
540 1889 754 1967 Fortunaeque
782 1892 813 1948 01
841 1889 974 1949 Virtutis
1002 1888 1115 1948 auxilio

101 1999 119 2038 a
141 1979 254 2056 populo
273 1979 408 2037 Romano
428 1978 530 2038 orbem
553 1981 703 2038 terrarum
725 1978 883 2038 subactum
903 1996 967 2038 esse
985 1978 1115 2055 probare

101 2068 212 2128 studet.
258 2086 350 2144 quam
377 2068 560 2127 sententiam
592 2069 742 2145 quamvis¹
764 2067 908 2127 ecclesiae
935 2070 1037 2144 patres
1064 2085 1115 2127 ve-

99 2158 254 2217 hementer
272 2156 487 2234 impugnarint,
510 2161 611 2218 tamen
629 2156 712 2216 haud
729 2175 827 2233 pauca
846 2156 884 2216 ab
903 2157 957 2216 illo
980 2156 1115 2216 mutuati

100 2237 210 2326 sunt1).
258 2246 284 2304 si
314 2245 411 2323 igitur
443 2246 507 2305 eius
539 2246 617 2305 liber
643 2246 796 2322 periisset,
829 2264 889 2305 non
916 2248 1038 2304 tantum
1064 2263 1112 2304 res

100 2335 246 2412 quasdam
270 2334 307 2393 ab
331 2353 366 2395 eo
389 2336 453 2395 solo
476 2335 605 2395 traditas
628 2335 718 2394 utin
741 2335 828 2395 bellis
851 2337 957 2394 contra
975 2333 1004 2393 S.
1023 2333 1111 2393 Pom-

98 2425 200 2501 peium
233 2426 264 2484 et
295 2423 327 2482 in
359 2423 490 2483 Variano
521 2424 712 2502 nesciremus,
749 2424 802 2483 sed
834 2443 904 2483 eum
936 2422 1111 2499 scriptorem

100 2514 313 2588 amisissemus,
341 2512 426 2572 cuius
449 2513 485 2572 de
508 2513 636 2572 historia
658 2512 794 2572 Romana
823 2512 971 2571 iudicium
994 2512 1113 2588 aliquot

101 2603 223 2662 saecula
245 2604 351 2661 secuta
374 2605 454 2661 sunt.
490 2601 606 2660 accedit
629 2601 710 2678 quod
732 2601 823 2661 aliter
846 2603 877 2659 et
899 2601 1001 2660 varius
1021 2618 1112 2677 quam

100 2692 123 2750 ii
150 2692 203 2768 qui
230 2690 345 2750 abolita
366 2709 398 2750 10
421 2689 543 2766 publica
564 2689 661 2749 libera
684 2690 785 2749 omnia
806 2707 928 2765 pessum
951 2689 1023 2748 data
1047 2706 1111 2748 esse

101 2780 312 2856 querebantur,
336 2779 391 2839 sub
415 2779 544 2838 Traiano
568 2781 648 2837 certe
672 2781 858 2838 senectutem
881 2777 1000 2853 imperii
1023 2778 1111 2854 quasi

82 2868 218 2928 *reddita
240 2870 399 2930 iuventute
422 2868 583 2927 reviruisse
607 2867 800 2943 praedicavit.

166 2960 310 3018 Attamen
341 2957 480 3017 dubitare
511 2956 584 3015 licet
615 2959 719 3015 utrum
750 2957 806 3015 illa
837 2955 938 3015 omnia
970 2974 989 3013 a
1020 2954 1110 3014 Floro
1126 2971 1201 3012 ronta·

98 3046 196 3122 primo
224 3046 306 3106 dicta
333 3046 394 3107 siut
419 3065 521 3106 necne.
566 3048 658 3122 atque
686 3045 742 3106 hac
769 3045 891 3123 quidem
921 3063 953 3103 re
977 3043 1058 3121 quod
1081 3043 1111 3101 in

98 3136 198 3213 priore
221 3136 350 3195 maxime
375 3135 472 3212 operis
495 3137 582 3210 parte
606 3152 707 3194 omnes
730 3153 777 3194 res
800 3153 819 3193 a
841 3133 954 3210 populo
974 3133 1109 3193 Romano

98 3227 164 3304 ipso
184 3228 287 3303 gestas
306 3243 371 3284 esse
389 3215 520 3306 fingit2),
538 3224 650 3283 dueum
663 3243 734 3284 vcro
748 3223 870 3283 nomina
884 3241 973 3298 saepe
987 3222 1110 3300 omittit,

172 3436 233 3501 l)v.
253 3449 279 3501 p.
294 3429 384 3484 XXIX
403 3430 497 3484 adnot.
515 3435 538 3484 1.
965 3492 971 3502 Ι
1042 3486 1049 3496 ι

170 3489 1168 3638 911011111111001000010111010000000111100οἓἶ111000001000
