2436 3826
132 195 185 248 XII
437 195 638 248 PRAEFATIO
657 196 827 248 EDITORIS

133 364 239 423 afferre
268 362 385 436 studuI,
411 361 590 439 praesertim
619 380 688 421 cum
715 361 763 420 hic
789 379 965 421 rasurarum
993 381 1054 422 non
1076 382 1144 422 eam

132 453 281 512 rationem
312 451 453 512 habuerit
484 469 561 528 quae
593 450 682 510 hodie
709 450 817 510 merito
844 450 1019 528 requiritur.
1065 471 1143 528 quae

134 541 371 618 emendationes,
403 558 472 599 cum
498 533 538 600 Bl
571 539 675 599 eodem
705 539 868 617 archetypo
897 559 956 617 quo
984 539 1144 600 librarium

134 650 224 691 usum
247 647 310 689 esse
332 629 395 689 iam
417 631 543 706 constet,
568 628 701 688 dubitari
722 647 783 688 non
805 630 907 705 potest
929 629 1003 706 quin
1020 629 1145 689 maximi

134 720 225 796 pretii
248 719 318 780 sint.
354 718 511 795 aliquanto
529 717 657 777 rariores
681 721 712 776 et
734 717 858 777 minoris
880 718 972 794 pretii
990 721 1061 778 sunt
1079 737 1145 778 cor-

90 819 121 859 B²
134 809 281 868 rectiones
304 824 411 867 manns
437 807 541 883 paullo
566 805 740 866 recentioris
763 797 833 888 (13²)
856 809 888 866 et
910 806 948 866 ab
969 806 1076 867 Iahnio
1099 808 1140 866 in·

134 898 256 956 tardum
282 914 351 955 cum
376 887 417 955 B1
440 896 596 973 confusae,
625 913 703 972 quae
730 897 762 954 et
787 895 855 972 ipsa
881 898 980 955 totum
1011 896 1145 958 codicem

134 985 334 1062 pertractavit
362 987 393 1044 et
420 986 539 1043 saeculo
567 982 725 1043 undecimo
752 985 802 1044 rel
825 983 1002 1045 duodecimo
1024 985 1146 1046 videtur

135 1073 297 1133 tribuenda
315 1090 388 1133 esse.
419 1072 500 1133 hunc
517 1072 614 1150 igitur
631 1071 744 1132 librum
762 1072 918 1150 egregium
937 1092 1006 1133 cum
1020 1074 1146 1134 Iahnius

136 1162 210 1222 satis
233 1161 395 1239 diligenter
418 1162 604 1236 contulisset,
629 1163 732 1221 tamen
754 1161 815 1219 iam
837 1161 977 1221 Halmius
1001 1164 1054 1240 qui
1077 1182 1146 1222 eum

135 1252 174 1310 ad
206 1251 294 1309 illum
326 1249 461 1328 Lipsiam
492 1251 707 1327 apportaverat
737 1249 850 1309 iterum
881 1250 1016 1328 inspecto
1047 1252 1147 1312 codice

135 1339 253 1416 aliquot
280 1339 373 1399 bonas
400 1339 545 1399 lectiones
573 1339 610 1398 ab
641 1338 737 1398 amico
760 1339 914 1416 neglectas
937 1357 1001 1400 esse
1025 1341 1147 1401 detexit.

136 1447 204 1489 eum
228 1429 306 1487 enim
330 1428 378 1487 hic
401 1429 440 1487 ad
463 1426 602 1488 Seebodii
625 1428 778 1504 exemplar
799 1426 1052 1507 Bambergensem
1078 1448 1146 1489 con·

136 1517 266 1592 tulisset,
289 1517 341 1576 sed
364 1516 527 1576 editionem
548 1516 745 1592 Bipontinam
767 1518 958 1595 typographo
981 1519 1147 1595 exprimen-

137 1607 206 1666 dam
237 1605 419 1684 tradidisset,
451 1605 561 1666 accidit
591 1611 629 1665 ut
656 1623 693 1664 ea
722 1624 800 1682 quae
830 1607 893 1664 iam
920 1606 1084 1667 Seebodius
1111 1625 1148 1665 ex

136 1696 238 1755 codice
260 1698 416 1772 receperat
437 1686 793 1776 praetermitterentur¹).
820 1695 925 1771 itaque
945 1695 1147 1755 necessarium

137 1787 212 1862 erat,
235 1784 307 1862 quia
325 1783 463 1844 Halmius
485 1784 545 1844 nisi
563 1785 704 1863 graviora
720 1803 781 1844 101
799 1786 1026 1862 memoraverat,
1050 1781 1148 1842 denuo

137 1874 249 1933 librum
276 1872 449 1932 examinari.
495 1874 575 1950 quod
603 1891 673 1933 cum
697 1872 849 1951 iecissem,
877 1873 941 1932 alia
968 1890 1089 1952 quoque
1118 1872 1149 1930 in

70 1967 72 1971 ’
138 1981 173 2022 00
196 1962 294 2021 inesse
315 1961 380 2022 ridi
398 1980 476 2038 quae
493 1963 623 2040 uterque
641 1960 740 2021 editor
757 1963 941 2040 neglexerat,
965 1979 1150 2039 quamquam

137 2070 197 2110 101
224 2048 327 2128 exigui
352 2049 499 2109 momenti
525 2050 564 2108 ed
592 2050 717 2110 Florum
744 2051 964 2111 emendandum
992 2053 1087 2112 erant.
1133 2069 1150 2109 e

139 2137 249 2216 quibus
277 2156 375 2215 panca
403 2138 477 2198 haec
504 2139 642 2214 exempla
667 2156 845 2215 proponam:
881 2160 911 2216 p.
931 2143 987 2217 37,
1012 2144 1031 2201 3
1059 2139 1151 2199 huius

139 2227 280 2288 editionis
299 2231 431 2287 torenton
446 2225 472 2285 B
490 2229 570 2287 recte
589 2225 698 2286 habuit
715 2225 797 2303 quod
814 2220 854 2284 B¹
872 2227 905 2284 in
923 2232 1066 2288 torentem
1083 2248 1152 2288 mu-

138 2317 231 2393 tavit3
266 2336 295 2392 p.
315 2317 370 2394 39,
396 2318 436 2376 18
460 2317 547 2376 olibes
570 2318 616 2376 est
639 2315 671 2374 in
692 2315 719 2373 B
746 2333 806 2374 non
833 2316 942 2394 olibeta,
967 2320 1005 2375 ut
1026 2317 1151 2376 Iahnius

138 2405 270 2482 putabat
292 2405 345 2482 qui
362 2423 378 2464 s
394 2405 555 2481 parvulam
573 2423 665 2481 supra
682 2402 853 2481 repositam
871 2422 940 2464 cum
957 2405 1011 2464 illo
1029 2404 1151 2464 litterae

139 2512 169 2553 m
192 2493 367 2570 compendio
390 2493 542 2570 confudit3
573 2513 602 2570 p.
622 2494 680 2570 42,
705 2495 745 2552 14
768 2496 852 2553 10010
878 2497 975 2554 tomen
998 2496 1044 2553 est
1070 2492 1102 2552 in
1125 2494 1152 2552 B

139 2602 200 2642 non
223 2586 321 2642 amec
343 2586 438 2659 1001ος
474 2603 504 2660 p.
524 2585 579 2660 83,
605 2583 644 2642 17
670 2584 873 2658 paupertinis
895 2582 921 2641 B
943 2582 1069 2661 praebet
1090 2601 1152 2643 101

135 2673 333 2748 pauperibu83
358 2692 387 2749 p.
408 2674 480 2749 101,
501 2674 520 2732 2
543 2673 660 2746 inmoti
681 2672 804 2732 babebat
824 2673 851 2731 B
873 2691 934 2732 non
955 2673 1078 2732 babebat
1099 2673 1153 2730 c'm·

135 2763 229 2838 pcrc'e'3
252 2781 281 2837 p.
298 2762 370 2839 104,
391 2763 409 2820 2
428 2760 496 2821 1000
516 2780 534 2821 a
551 2760 642 2821 tineis
660 2779 748 2821 exeso
766 2764 828 2821 tres
847 2761 969 2822 litterae
987 2761 1153 2839 perierunt,

214 2933 240 3001 1)
257 2947 283 2984 v.
305 2927 371 2983 ‘Iuli
388 2927 465 2984 11011
484 2928 625 3000 epitomae
642 2928 709 2984 libri
728 2929 783 2984 duo
800 2945 893 3000 recog.
913 2930 1028 2986 Carolus
1046 2930 1154 2998 Halm’,

141 3003 254 3073 Lipsiae
263 2999 471 3056 uocccaxm
480 3018 507 3070 p.
515 2999 561 3055 111.
577 3003 701 3055 ceterum
714 2999 869 3070 gloriamur
881 3019 956 3056 nunc
970 3001 1155 3072 diplomatica

141 3074 194 3129 illa
211 3091 268 3143 qua
285 3071 353 3126 libri
369 3088 455 3125 manu
474 3071 573 3142 scripti
592 3070 712 3126 conferri
729 3071 840 3126 soleant
880 3072 885 3083 '
902 3072 908 3083 ‘
931 3073 1017 3142 entia,
1036 3072 1087 3126 sed
1100 3071 1155 3126 hac

142 3146 173 3200 in
191 3161 220 3200 re
239 3160 351 3200 omnem
368 3144 493 3198 aetatem
509 3141 603 3212 priore
620 3141 757 3197 maiorem
775 3158 870 3197 curam
889 3159 907 3198 a
947 3143 1024 3198 'bere
1039 3142 1155 3197 sensim-

143 3233 198 3286 que
217 3233 279 3270 eam
298 3216 412 3269 auctam
433 3230 494 3269 esse
517 3220 581 3268 ‘eum
599 3213 657 3268 alia
680 3213 782 3268 docent
805 3216 867 3267 turn
884 3213 1046 3269 Ruhnkenii
1068 3214 1156 3268 verba

143 3288 175 3341 in
196 3285 372 3356 praefatione
394 3284 508 3355 Apuleii
531 3284 763 3355 Oudendorpiani
784 3285 879 3354 vell,
907 3303 933 3355 p.
952 3285 1004 3340 IX:
1032 3283 1156 3339 ‘Ouden-

144 3358 259 3439 dorpius
277 3357 308 3411 in
325 3356 379 3411 hac
397 3372 508 3425 quoque
527 3355 679 3411 collatione
700 3355 781 3410 illam
800 3355 987 3426 diligentiam,
1006 3373 1063 3423 qua
1080 3372 1156 3410 nunc

144 3429 235 3484 crihci
261 3430 371 3483 veteres
397 3428 576 3482 membranas
605 3425 762 3497 excutiunt,
790 3426 944 3496 aliquando
972 3426 1102 3496 requirit’
1128 3430 1158 3481 et

144 3518 171 3570 p.
185 3499 274 3569 qu.:
308 3497 393 3553 ‘tanti
420 3497 451 3552 in
477 3498 531 3553 hac
553 3498 690 3554 librorum
712 3498 922 3570 comparatione
944 3498 1031 3554 refert
1052 3497 1156 3567 quibus

144 3571 233 3627 oculis
253 3572 282 3626 et
300 3586 387 3638 quam
405 3569 495 3626 otiose
513 3586 572 3625 rem
586 3571 677 3641 agas’.
