2436 3826
397 188 598 238 PRAEFATIO
617 188 788 239 EDITORIS
1007 185 1099 239 XXIII

154 353 314 414 Praeterea
345 353 384 413 ad
410 353 534 414 Florum
564 353 779 413 recensendum
811 353 922 431 duplex
949 354 1095 413 auxilium
1110 366 1196 406 nona·

46 497 49 504 .
87 444 232 503 habemus
260 462 362 503 eorum
390 442 602 503 historicorum
628 442 740 520 quibus
768 446 823 502 aut
849 443 923 520 ipsis
951 461 1022 503 usus
1051 445 1098 503 est
1124 419 1202 460 Μὴ

88 536 142 593 aut
170 551 299 610 quorum
321 532 421 591 fontes
450 531 595 607 expilavit
623 534 781 591 eteorum
806 533 859 610 qui
882 532 1044 607 epitomam
1066 533 1098 591 in

87 640 176 682 suum
199 639 289 680 usum
312 623 532 681 converterunt.
571 639 639 679 cum
663 623 767 680 autem
789 621 821 680 hi
844 621 1015 698 gravissimi
1038 621 1099 680 sint

87 714 120 772 et
146 711 251 771 eodem
278 710 341 769 fere
368 710 434 769 loco
463 711 555 786 atque
583 709 691 785 optimi
719 710 835 771 eodIces
857 711 1000 788 ponendi,
1028 711 1099 770 illos

88 802 184 860 multo
209 799 328 859 cautius
352 799 492 858 adhibere
512 798 661 858 debemus.
693 819 766 858 nam
783 802 820 859 ut
838 802 955 858 taceam
971 799 1100 858 insitum

85 887 125 948 iis
155 888 211 967 qui
239 888 372 948 aliorum
401 887 495 948 libros
527 888 700 947 exscribunt
732 888 864 948 novandi
896 889 1031 948 studium
1068 892 1100 948 et

86 979 178 1038 allter
208 977 302 1036 elium
332 978 508 1054 scriptorem
536 995 591 1036 suo
619 979 743 1038 auctore
771 978 835 1055 uti,
871 978 935 1038 noli
962 977 1099 1038 oblivisci
1112 1002 1156 1031 auo
1181 1001 1202 1030 a

87 1068 211 1126 Illorum
243 1066 393 1126 rhetorem
426 1084 490 1125 esse
523 1065 576 1143 qui
603 1085 697 1127 novos
725 1067 840 1127 colores
868 1069 994 1145 quaerat
1022 1071 1053 1126 et
1080 1085 1099 1125 a
1162 1056 1175 1085 ⁰

86 1155 238 1233 prioribus
270 1160 379 1232 argute
411 1156 494 1215 dicta
524 1155 643 1225 variare
675 1156 805 1216 studeat.
851 1156 955 1233 itaque
985 1173 1101 1216 memor

86 1243 262 1305 Caesariani
292 1244 376 1303 illius
408 1247 488 1304 oeae'
519 1246 581 1304 oe'de'
612 1246 669 1304 oc'ce'
696 1247 833 1304 consulto
859 1246 891 1304 H
916 1247 970 1322 13,
991 1247 1032 1305 63
1064 1246 1099 1303 de

86 1333 239 1394 Pharnace
263 1333 336 1393 dicit
360 1332 472 1393 Caesar
494 1365 512 1374 -
534 1367 552 1375 -
574 1365 592 1374 -
615 1335 830 1393 oblectatore
851 1335 999 1408 foenicis,
1024 1335 1101 1408 qood

84 1441 145 1482 eno
174 1424 324 1496 eodemque
349 1427 488 1482 owmeeto
515 1425 611 1482 oeee't
636 1427 784 1496 percussit
806 1425 948 1483 abscessit.
993 1423 1099 1482 deinde

86 1513 118 1572 H
143 1514 198 1589 12,
225 1513 261 1589 6,
298 1510 351 1569 ubi
378 1511 519 1572 Fulviam
549 1513 725 1571 coaeternam
756 1517 882 1571 scortwm
914 1513 1016 1589 vocat,
1049 1513 1101 1571 sed

79 1603 219 1676 patriciis
249 1602 448 1669 innocentius,
492 1600 557 1659 fieri
588 1619 649 1659 non
681 1601 784 1676 potuit
816 1601 888 1676 quin
924 1600 1099 1678 Sallustius,

89 1710 179 1767 quem
206 1692 272 1749 toto
299 1690 356 1748 hoc
383 1688 481 1766 capite
509 1681 688 1768 sequIturl),
717 1689 754 1747 eb
782 1689 917 1748 animum
944 1689 973 1747 ei
996 1689 1099 1749 obver-

87 1783 209 1839 saretur
237 1779 290 1856 qui
318 1778 353 1838 de
381 1778 493 1837 coniur.
514 1776 577 1837 Cat.
599 1780 654 1852 23,
674 1780 692 1837 3
717 1796 784 1836 eam
806 1779 956 1837 molarem
977 1780 1102 1837 arabilem

87 1868 305 1945 appellaverat.
349 1867 453 1943 itaque
476 1886 544 1926 cum
567 1867 598 1925 in
621 1866 779 1926 notissima
803 1869 834 1926 et
856 1867 960 1926 crebro
978 1873 1103 1926 narrata

87 1956 193 2016 fabula
217 1957 253 2016 de
276 1956 404 2016 Romulo
429 1959 460 2016 et
482 1957 574 2016 Remo
594 1955 800 2025 Quintilianus
823 1956 869 2014 Ill
890 1960 918 2035 7,
938 1958 957 2016 5
978 1957 1102 2017 dixisset

87 2047 216 2105 obiectes
239 2047 272 2104 ia
288 2047 490 2119 profluentem,
514 2064 645 2122 quocum
667 2045 699 2103 in
722 2045 871 2105 abiciendi
894 2046 984 2106 verbo
1003 2046 1101 2105 Arno·

88 2134 157 2194 bins
177 2134 221 2193 IV
240 2136 258 2193 3
279 2136 311 2192 et
328 2134 405 2194 liber
428 2135 464 2194 de
487 2134 543 2195 uir.
567 2135 618 2194 inl.
641 2137 669 2212 1,
689 2137 707 2194 2
733 2136 902 2211 concinunt,
925 2135 1013 2194 facile
1036 2134 1102 2194 fieri
1130 2163 1133 2168 ·

87 2223 190 2300 potuit
212 2228 248 2283 ut
269 2223 377 2283 Florus
400 2223 468 2302 11,
489 2227 507 2282 2
535 2226 661 2283 iactatae
682 2226 942 2298 depromentem,
972 2223 1052 2300 quod
1074 2224 1100 2282 B

88 2315 121 2371 et
143 2312 284 2371 Iordanes
307 2312 432 2386 habent,
460 2313 550 2372 alteri
572 2313 632 2390 illi,
660 2313 741 2389 quod
769 2313 833 2373 slve
863 2330 937 2371 casu
959 2313 1022 2372 sive
1046 2312 1101 2371 ali-

88 2401 159 2460 cubi
181 2401 338 2460 inventum
361 2402 453 2461 etiam
472 2400 494 2460 C
512 2402 623 2479 posuit,
642 2402 816 2477 praeferret.
848 2401 945 2460 simile
963 2401 1102 2462 variandi

88 2490 225 2550 studium
248 2491 279 2548 in
303 2509 337 2549 eo
362 2491 495 2550 cernltur
517 2491 611 2567 quod,
640 2509 709 2549 cum
732 2490 962 2567 Livius17‚1
987 2490 1101 2567 aliique

87 2578 121 2636 in
144 2579 249 2639 eadem
271 2578 376 2638 fabula
398 2581 495 2638 forma
517 2581 647 2638 caltores
668 2579 717 2639 usi
738 2583 847 2655 esseut,
870 2579 979 2638 Florus
997 2580 1013 2637 I
1033 2582 1061 2653 1,
1081 2581 1100 2639 6

89 2667 116 2726 B
134 2670 217 2739 ,teste
240 2668 384 2727 rariorem
406 2669 549 2728 volturios
571 2669 694 2746 maluit,
722 2687 801 2745 quae
824 2688 843 2727 a
865 2668 991 2727 Iordane
1016 2668 1102 2726 etin

89 2755 114 2814 0
139 2757 236 2816 denuo
264 2757 296 2815 in
322 2757 409 2816 illam
435 2760 555 2817 mutata
581 2751 669 2836 est2).
714 2763 756 2828 ut,
777 2757 903 2817 tertium
930 2757 1102 2832 exemplum

89 2844 211 2922 addam,
238 2846 345 2905 Florus
372 2846 388 2904 I
413 2850 446 2923 7,
470 2850 489 2906 3
518 2846 673 2921 aptissime
700 2846 739 2905 ad
766 2846 954 2922 impietatem
982 2844 1101 2903 Tulliae

88 2933 317 3012 significandam
344 2936 382 2994 de
409 2954 445 2994 ea
472 2934 560 2994 dixit:
588 2952 681 3008 capre
708 2940 857 2994 cacatum
882 2938 999 3009 petrem
1021 2937 1102 2992 cocto

88 3028 224 3097 conpecto
257 3029 452 3083 mmeeotos
484 3041 570 3098 equos
598 3026 710 3097 erepet
736 3016 796 3105 (ita
823 3025 848 3081 B
877 3029 908 3083 et
934 3013 1101 3104 Iordanes).

89 3115 275 3191 quamquam
294 3114 372 3173 enim
392 3113 518 3172 alterius
536 3113 718 3173 recensionis
737 3113 828 3172 lectio
851 3115 908 3187 epit
928 3112 1002 3172 locis
1020 3111 1101 3172 Livii

162 3357 189 3494 II
207 3354 371 3495 Ifilplrdeixld
387 3353 520 3482 lgitlfflffl
541 3423 586 3482 rei
606 3424 779 3482 narratione
802 3440 882 3493 duae
905 3425 955 3477 est
970 3421 1014 3472 'iu
1024 3414 1141 3495 iuuenta

90 3496 125 3549 dc
142 3495 208 3566 orig.
226 3499 304 3567 gent.
323 3497 397 3555 Item
417 3505 453 3555 23
472 3501 530 3575 (ed.
547 3501 584 3560 B.
604 3501 702 3576 Sepp,
714 3494 899 3556 micuerant
915 3492 1009 3556 tacui
1018 3489 1080 3536 *nis
1096 3476 1166 3528 aad·

79 3569 167 3621 tme'oc
182 3568 271 3624 semel
291 3573 418 3632 cultures
439 3575 606 3635 invenitur.
