2436 3826
148 189 193 252 34
512 188 623 240 mom
641 186 802 237 nemone

145 356 192 434 pis
216 352 343 414 ducibus
367 352 462 413 isdem
487 352 595 430 quibus
620 354 771 432 superius,
796 360 841 412 set
864 360 928 413 tum
951 357 1012 413 tota
1031 357 1166 417 victoria.

94 456 125 504 12
146 445 272 523 exitum,
301 459 389 520 quem
414 440 517 501 datura
540 443 634 501 virtus
659 441 728 521 fuit,
757 459 842 502 casus
867 441 956 502 dedit.
1003 461 1072 503 nam
1096 463 1166 524 pro-

145 534 238 592 vectis
267 533 299 590 in
328 532 454 608 primam
483 532 579 590 aciem
607 547 713 590 rursus
742 529 906 607 elephantis
933 549 1028 591 unum
1056 551 1094 592 ex
1118 533 1168 594 his

145 620 259 701 pullum
288 619 384 679 adacti
412 620 444 677 in
468 625 556 697 caput
577 617 632 677 teli
654 621 751 696 gravis
775 621 852 679 ictus
876 621 995 700 avertit,
1018 623 1071 700 qui
1096 640 1167 682 cum

145 728 200 788 per
224 716 353 786 stragem
378 725 500 767 suorum
523 725 682 766 recurrens
707 706 834 767 stridore
857 715 1043 790 quereretur,
1066 717 1165 771 mater
1191 722 1203 763 ⁶

147 800 265 877 agnovit
289 804 318 857 et
342 798 426 875 quasi
449 796 614 855 vindicaret
636 794 750 876 exiluit,
772 802 836 855 tum
860 798 957 856 omnia
980 800 1060 858 circa
1079 800 1166 878 quasi

95 900 127 946 13
146 885 266 946 hostilia
290 888 370 963 gravi
394 883 471 943 mole
495 885 678 962 permiscuit.
717 903 750 944 ac
773 886 816 944 sic
835 885 956 945 eaedem
975 885 1065 967 ferae,
1089 906 1165 966 quae

147 977 274 1052 primam
301 975 455 1033 victoriam
479 970 680 1052 abstulerunt,
709 972 870 1033 secundam
893 992 996 1053 parem
1019 974 1167 1056 fecerunt,

96 1077 128 1124 11
148 1065 268 1124 tertiam
302 1064 366 1121 sine
395 1063 598 1121 controversia
625 1060 821 1122 tradiderunt.
867 1080 924 1122 nec
951 1080 1021 1123 vero
1049 1070 1167 1125 tantum

148 1153 239 1211 armis
272 1157 303 1209 et
334 1151 365 1208 in
394 1167 511 1229 campo,
545 1157 590 1210 set
618 1149 751 1210 consiliis
783 1168 900 1229 quoque
930 1158 959 1210 et
987 1150 1067 1211 domi
1097 1170 1166 1213 cum
1180 1165 1203 1205 1⁰

149 1257 218 1318 rege
233 1238 346 1317 Pyrrha
367 1237 539 1298 dimicatum
558 1244 611 1298 est.
650 1240 759 1318 quippe
778 1245 847 1318 post
863 1241 991 1318 primam
1009 1242 1167 1301 victoriam

149 1327 298 1388 intellecta
331 1329 376 1387 vir
409 1326 531 1387 callidus
564 1329 672 1387 virtute
700 1326 831 1387 Romana
864 1329 962 1388 statim
996 1324 1166 1408 desperavit

99 1419 239 1479 inarmis
264 1434 355 1494 seque
379 1415 415 1475 ad
439 1415 522 1475 dolos
542 1415 674 1476 contulit.
721 1434 789 1475 nam
808 1419 1003 1495 interemptos
1023 1420 1167 1479 cremavit

149 1508 339 1584 captivosque
376 1504 566 1583 indulgenter
597 1504 700 1564 habuit
738 1511 768 1564 ei
804 1507 868 1564 sine
901 1507 998 1584 pretio
1032 1508 1167 1567 restituit

149 1597 309 1673 missisque
342 1592 447 1672 legatis
479 1596 511 1653 in
542 1592 648 1652 urbem
681 1595 762 1652 omni
793 1593 882 1653 mode
910 1593 1031 1654 adnisus
1060 1601 1107 1654 est
1134 1602 1167 1655 ut
1181 1606 1204 1648 1⁵

98 1697 131 1745 16
150 1684 226 1744 lacto
251 1683 370 1743 loedere
394 1685 426 1742 in
449 1683 609 1742 amicitiam
632 1683 823 1760 reciperetur.
864 1681 917 1741 sed
939 1680 1018 1742 hello
1037 1689 1067 1742 et
1084 1702 1168 1764 pace,

151 1773 223 1832 loris
252 1779 282 1832 et
310 1772 391 1831 domi
418 1789 535 1831 emnem
565 1772 596 1829 in
624 1777 738 1848 partem
761 1769 892 1830 Romana
919 1772 1013 1831 virtus
1041 1777 1106 1831 tum
1136 1790 1167 1832 se

151 1860 324 1939 adprobavit
342 1878 397 1919 nec
417 1859 489 1919 alias
506 1860 600 1936 magis
620 1877 708 1936 quam
723 1858 883 1919 Tarentina
897 1861 1021 1920 victoria
1036 1860 1169 1920 ostendit

150 1949 252 2029 pepuli
279 1948 405 2008 Romani
435 1947 654 2026 fortitudinem,
687 1954 806 2007 senatus
836 1949 1024 2029 sapientiam,
1057 1948 1169 2009 ducum

100 2053 130 2100 17
150 2039 431 2115 magnanimitatem.
479 2037 599 2114 quinam
631 2034 676 2095 illi
707 2036 828 2096 luerunt
855 2038 913 2095 viri
940 2054 1015 2114 quos
1043 2036 1079 2096 ah
1108 2037 1168 2098 ele·
1182 2051 1207 2092 1ο

150 2126 269 2205 phantis
287 2127 384 2203 primu
403 2123 517 2203 proelio
537 2123 662 2184 obtritos
682 2122 874 2204 accepimus?
892 2127 1026 2185 omnium
1044 2125 1168 2186 vulnera

222 2402 244 2453 I
263 2405 278 2452 1
302 2399 412 2453 hisdem
431 2399 498 2454 B²I
520 2405 523 2464 1
551 2399 639 2468 quiO
660 2402 664 2468 1
691 2401 740 2454 sed
762 2401 877 2455 BN'L
902 2402 906 2469 1
931 2401 1059 2471 11111101
1079 2401 1168 2456 iatius

152 2470 270 2540 uictorip
289 2470 316 2523 L
338 2472 348 2540 11
370 2476 386 2522 2
405 2487 455 2539 pro
475 2470 568 2524 duciis
588 2471 611 2526 0
630 2473 639 2541 11
662 2470 775 2526 illusus
798 2475 831 2526 in
848 2489 943 2525 rursus
962 2474 1079 2527 mutavit
1099 2473 1143 2527 Βι
1163 2474 1166 2539 l

153 2541 284 2596 elefantis
298 2542 351 2595 LI
362 2545 367 2610 1
384 2541 424 2595 eis
439 2542 467 2595 Β
480 2544 490 2623 11
505 2548 520 2594 5
538 2558 701 2610 percurrens
718 2543 760 2613 011
776 2551 791 2598 d
805 2542 950 2597 uindicare
969 2545 991 2596 I
1002 2546 1006 2612 1
1023 2542 1116 2598 exiliit
1129 2547 1148 2598 1
1162 2550 1166 2615 1

153 2613 258 2667 ciream
275 2613 309 2667 N
313 2614 323 2644 ²
342 2615 352 2683 11
377 2618 493 2683 igraur
510 2612 596 2684 mole]
617 2612 692 2667 circa
710 2631 787 2668 more
807 2614 840 2668 N
857 2614 861 2687 1
883 2630 916 2667 ae
936 2613 960 2667 si
979 2615 1006 2668 Β
1027 2616 1031 2681 1
1052 2615 1170 2670 caedem

152 2686 180 2738 Β
205 2684 304 2738 eadem
327 2686 355 2752 (a
378 2686 410 2738 iu
433 2701 448 2738 e
471 2686 588 2738 mutavit
610 2703 643 2739 m.
663 2687 694 2754 2)
718 2686 752 2738 N
772 2685 871 2738 aedem
896 2686 972 2739 codd.
997 2686 1081 2741 Heid.
1105 2687 1169 2741 Pei.

152 2759 284 2811 Iordanis
306 2759 316 2824 11
339 2760 355 2809 8
375 2753 552 2809 abstulerant
572 2755 754 2824 Glfeeerant
772 2756 799 2809 L
817 2757 827 2824 11
846 2755 969 2813 91111111
989 2757 1017 2809 Β
1037 2758 1045 2826 11
1065 2761 1098 2811 10
1116 2773 1170 2812 nec

152 2825 367 2896 inBlcampis
385 2826 1170 2896 011111111111111111111110111111111111111

153 2914 241 2966 coque
265 2899 286 2951 1
307 2903 310 2965 1
336 2896 412 2950 inira
436 2898 534 2950 urbem
562 2903 625 2951 ante
653 2913 717 2950 cum
740 2899 803 2952 add.
828 2897 887 2952 Ao
909 2899 1006 2953 deiecit
1023 2899 1144 2954 Iahnius
1160 2899 1171 2971 11

154 2975 185 3022 11
206 2984 290 3038 pyrro
309 2969 365 3021 NI
378 2966 454 3037 pirro
473 2969 500 3021 L
522 2972 526 3038 1
549 2969 614 3036 posi
631 2968 764 3038 primam]
783 2969 928 3037 postrema
945 2969 972 3022 Β
994 2967 998 3040 1
1019 2967 1171 3024 uictoriam

152 3057 202 3094 rex
229 3038 349 3092 callidus
377 3038 523 3092 intellecta
548 3038 571 3093 0
595 3041 604 3108 11
633 3044 665 3092 12
694 3039 739 3092 uir
763 3038 882 3093 callidus
907 3057 957 3094 om.
981 3042 1003 3094 I
1023 3043 1027 3109 1
1052 3056 1171 3095 romana

153 3129 259 3182 uirtute
278 3130 300 3182 I
322 3129 331 3197 11
360 3131 394 3179 14
411 3111 494 3181 inbuit
511 3128 539 3180 Β
566 3129 575 3196 11
604 3132 637 3180 15
660 3127 794 3196 missique
817 3129 845 3182 Β
866 3131 871 3196 1
891 3128 957 3182 dein
979 3137 1043 3184 ante
1066 3128 1171 3199 legatis

154 3202 218 3255 cdd.
240 3198 285 3268 01
307 3198 421 3252 annisus
440 3199 493 3252 LI
511 3200 521 3267 11
545 3198 672 3253 1611110
692 3199 805 3253 foedere
824 3216 873 3254 oua
894 3200 921 3253 L
936 3200 940 3272 1
956 3199 1098 3269 phoedere
1116 3203 1146 3256 Β
1165 3200 1169 3271 1

155 3269 282 3325 amicitia
304 3271 332 3323 Β
358 3275 361 3338 1
387 3272 416 3323 et
438 3276 501 3324 ante
528 3268 604 3323 bello
633 3272 696 3324 add.
722 3270 750 3323 A
775 3274 784 3340 11
811 3276 842 3324 11
867 3273 896 3324 ei
922 3278 986 3325 ante
1012 3270 1082 3326 foris
1105 3274 1170 3328 add.

153 3342 193 3409 A,
223 3347 253 3395 at
275 3342 309 3408 cf.
333 3359 360 3410 p.
381 3347 467 3409 41,6
493 3342 497 3412 1
522 3342 589 3394 tunc
617 3341 644 3394 L
671 3343 680 3410 11
708 3346 741 3394 18
770 3340 940 3410 approbauii
967 3343 1027 3396 BL
1051 3345 1056 3413 1
1083 3342 1171 3398 alicus

154 3414 264 3482 (litteris
286 3414 423 3480 aeacidis,
447 3413 493 3466 sed
516 3414 606 3477 certis)
625 3413 659 3466 N
679 3411 737 3465 alia
756 3415 782 3465 A
806 3412 878 3466 alias
897 3413 924 3466 L
948 3416 952 3483 1
977 3412 1172 3484 hostendit&

138 3485 383 3622 bxpiixilnmul)
398 3481 754 3628 111111111111011111
767 3482 932 3609 {iiiiii
943 3515 976 3524 ”
985 3500 1043 3537 ”⁰¹¹
1057 3487 1173 3555 ΜΡΝ

173 3593 178 3603 .
236 3593 248 3619 ,
377 3597 383 3609 ,
