2436 3826
463 197 501 265 11,
523 195 648 265 1311111,
668 197 702 264 a).
1025 190 1092 255 143

81 371 177 424 castra
200 363 343 424 habentes
362 371 432 442 aput
452 363 568 423 Sicorin
587 379 704 422 amnem
724 361 860 440 opsidere
880 367 911 421 et
927 361 964 421 ab
982 360 1091 440 oppido

80 452 280 513 intercludere
312 452 491 530 adgreditur.
540 453 660 511 interim
692 449 889 511 abundatione
921 453 1005 510 verni
1037 449 1144 509 113-21

79 544 170 602 minis
198 541 409 602 commeatibus
437 540 626 619 prohibetur:
655 542 698 600 sic
726 540 802 600 fame
830 545 926 600 castra
951 544 1092 617 temptata

81 638 163 710 sunt,
196 629 393 709 obsessorque
420 631 485 708 ipse
513 631 599 708 quasi
626 627 825 688 obsidebatur.
875 627 927 687 sed
955 627 1007 688 ubi
1034 645 1091 706 pax
1110 637 1144 686 23

52 720 213 780 otinmints
236 719 315 779 redit
336 723 368 779 et
388 717 627 797 pabulationibus
646 725 676 778 et
694 735 809 796 pugnae
828 735 947 795 campos
967 717 1091 796 aperuit,

82 813 191 870 iterum
213 810 297 868 ferox
319 810 411 868 instat
434 815 464 868 et
486 808 625 879 cedentes
649 806 685 867 ad
704 805 893 866 Celtiberiam
912 815 1090 866 consecutus

82 916 188 976 aggere
217 905 247 958 et
274 897 348 958 vallo
378 903 407 957 et
434 915 488 976 per
515 896 588 956 baec
612 898 663 957 siti
686 895 722 955 ad
743 895 928 955 deditionem
951 894 1092 974 conpulit.

82 989 125 1047 sic
149 989 270 1047 citerior
288 986 429 1065 Hispania
448 992 568 1064 recepta
587 992 640 1066 est,
663 984 862 1045 nec-ulterior
879 1002 993 1044 moram
1012 985 1090 1044 lecit.
1110 993 1143 1042 23

82 1076 153 1155 quid
172 1078 252 1136 enim
270 1094 329 1136 una
347 1082 416 1154 post
434 1077 564 1153 quinque
584 1069 737 1152 legiones?
755 1076 855 1155 itaque
873 1073 951 1133 ultro
968 1074 1090 1134 cedente

41 1181 68 1221 ro
81 1165 211 1225 Varrone
231 1164 328 1225 Gades
351 1165 460 1225 iretum
479 1163 623 1244 Oceanus,
647 1165 745 1223 omnia
766 1162 937 1223 felicitatem
956 1162 1090 1224 Caesaris

81 1254 289 1333 sequebantur.

147 1342 265 1422 Aliquid
289 1350 388 1403 tamen
412 1341 552 1402 adversus
576 1341 729 1401 absentem
748 1341 853 1401 ducem
872 1359 942 1401 ausa
960 1339 1089 1399 Fortuna
1109 1350 1144 1398 30

80 1441 127 1491 est
148 1434 229 1492 circa
247 1431 396 1510 Illyricum
416 1437 445 1490 et
463 1431 600 1509 Africam,
624 1433 709 1508 quasi
728 1430 764 1489 de
783 1430 928 1490 industria
947 1445 1090 1506 prospera

81 1523 146 1580 eius
170 1520 301 1581 adversis
324 1519 461 1579 radiaret.
507 1521 617 1597 quippe
642 1537 709 1578 cum
732 1519 832 1578 lauces
855 1518 976 1578 Adriani
998 1519 1089 1576 maris
1109 1527 1141 1575 31

41 1624 66 1664 15
80 1612 156 1669 iussi
189 1627 333 1688 occupare
366 1607 514 1667 Dolabella
547 1614 577 1667 et
608 1607 766 1687 Antonius,
798 1606 847 1666 ille
879 1605 1009 1685 Illyrico,
1040 1605 1089 1682 hic

80 1698 228 1759 Curictico
257 1698 343 1758 litore
372 1703 468 1756 castra
495 1697 667 1774 posuissent
691 1697 751 1754 iam
773 1698 865 1754 maria
888 1694 945 1754 late
969 1701 1089 1754 tenente

78 1787 232 1867 Pompeio,
264 1793 388 1864 repente
418 1785 531 1863 legatus
560 1786 624 1844 cius
652 1783 790 1844 Octavius
818 1783 891 1843 Libo
919 1782 1089 1861 ingentibus

80 1879 174 1955 copiis
215 1876 408 1936 classicorum
445 1881 603 1951 utrumque
640 1875 841 1933 circumvenit.
909 1872 1090 1932 deditionem
1109 1882 1143 1930 32

80 1965 171 2025 fames
196 1967 320 2024 extorsit
342 1964 478 2023 Antonio.
519 1964 627 2021 missae
651 1980 768 2041 quoque
792 1981 808 2022 a
831 1961 928 2021 Basilo
952 1964 984 2021 in
1007 1963 1088 2020 auxi-

39 2066 66 2108 33
80 2054 153 2113 lium
177 2055 241 2112 eius
265 2058 352 2131 rates,
376 2051 478 2130 quales
499 2053 600 2129 inopia
623 2054 741 2111 navium
765 2052 884 2131 lecerat,
907 2069 981 2110 nova
1004 2049 1089 2108 Pom-

80 2144 255 2220 peianorum
287 2148 349 2200 arte
377 2139 503 2201 Cilicum
535 2142 609 2200 actis
641 2140 696 2200 sub
728 2143 804 2200 mari
835 2140 955 2200 funibus
988 2145 1089 2217 captae

81 2232 164 2308 quasi
188 2248 242 2308 per
265 2224 442 2308 indaginem.
488 2230 561 2290 duas
584 2236 683 2289 tamen
706 2237 805 2290 aestus
829 2229 978 2309 explicuit.
1021 2247 1089 2311 una,
1108 2241 1142 2289 33

154 2372 165 2417 1
192 2363 268 2434 apud
292 2366 315 2420 0
337 2368 341 2435 1
366 2365 478 2420 sicorim
501 2367 528 2420 Β
549 2365 553 2438 1
575 2365 688 2419 amneni
710 2366 737 2418 L
761 2365 765 2434 1
792 2363 920 2419 obsidere
943 2363 1023 2418 ΒΝ2
1041 2367 1050 2434 1
1073 2370 1088 2418 2

81 2436 244 2506 aggreditur
258 2438 284 2490 L
300 2436 304 2509 1
320 2436 496 2492 habundantio
511 2439 538 2492 Β
557 2436 768 2491 abundantiore
783 2439 820 2505 (2.
835 2455 854 2489 n
868 2437 1089 2506 3333331133)

80 2508 114 2561 N
128 2512 137 2575 11
156 2515 172 2562 3
191 2508 365 2562 comeatibus
384 2510 411 2562 Β
432 2513 436 2576 1
456 2508 625 2578 prohibebat
642 2509 670 2561 Β
688 2507 820 2578 prohibet
841 2507 873 2561 O:
891 2524 959 2562 corr.
978 2507 1065 2561 Reae.
1081 2506 1090 2578 11

79 2584 97 2631 4
115 2580 297 2648 obsessorque
316 2583 339 2648 (s
358 2597 418 2648 sap.
433 2581 555 2648 priorem
573 2596 587 2631 r
605 2597 639 2632 m.
653 2581 684 2647 2)
702 2580 737 2633 N
752 2583 756 2645 1
780 2577 829 2646 qui
843 2585 907 2646 post
924 2576 1006 2646 quasi
1024 2579 1087 2631 add.

79 2650 113 2703 N
117 2650 146 2719 21
168 2651 356 2704 obsedebatur
374 2651 401 2703 Β
424 2655 433 2716 11
456 2656 472 2702 5
495 2648 581 2703 rediit
598 2650 626 2702 Β
647 2648 721 2702 redit
743 2649 785 2717 Ol
807 2650 835 2702 et
853 2650 916 2702 adol.
937 2648 1089 2702 Salmasius

80 2721 187 2791 [rediit]
200 2722 237 2774 N.
248 2721 383 2774 Hetasa'aa
396 2719 508 2774 reddita
520 2720 726 2774 Freinshemius
742 2722 746 2788 1
761 2717 1005 2788 populationibus:
1019 2735 1087 2772 3333.

80 2791 195 2859 Lipsiae
211 2793 215 2859 1
230 2807 326 2859 pugna
340 2790 400 2843 BL
413 2792 422 2860 11
436 2795 451 2842 6
472 2788 665 2843 aceltiueriam
685 2792 777 2858 (prior
794 2789 805 2842 1
819 2796 939 2844 correcta
952 2806 985 2843 ex
999 2792 1024 2858 e)
1038 2789 1066 2841 Β
1083 2789 1085 2845 Ι

80 2869 267 2929 consequutus
285 2862 313 2914 Β
326 2865 335 2929 11
351 2868 364 2914 1
385 2859 505 2915 contulit
519 2862 546 2915 Β
560 2862 569 2927 11
584 2866 617 2913 10
636 2859 723 2930 gades
742 2862 771 2930 (g
790 2867 909 2915 correcta
926 2877 960 2913 eac
976 2877 993 2913 3
1009 2878 1045 2915 m.
1061 2861 1088 2929 1)

79 2934 106 2986 Β
122 2935 126 3001 1
143 2931 256 2986 oceanis
277 2934 299 3000 13
318 2935 407 3001 erasa)
421 2933 450 2986 Β
466 2936 470 3001 1
485 2931 653 2985 felicitatem
672 2933 792 3002 (virgata
810 2931 1013 3001 3333311111113
1031 2929 1087 2983 1111-

78 3003 152 3056 rium
165 3004 194 3056 Β
211 3002 345 3056 illiricum
356 3003 383 3056 L
399 3005 403 3072 1
420 3002 575 3056 etaffricam
589 3003 616 3056 L
631 3006 635 3069 1
651 3001 773 3056 moranti
787 3010 850 3058 ante
864 3001 946 3070 quasi
959 3003 1022 3056 add.
1037 3003 1065 3055 Β
1082 3000 1085 3072 1

79 3075 182 3129 circam
206 3073 349 3144 illyricam
371 3076 400 3128 et
417 3074 542 3128 Africam
565 3091 642 3128 oram
661 3076 805 3144 Haapttas
826 3076 836 3143 11
860 3079 893 3126 14
916 3071 1040 3127 adversis
1059 3075 1088 3142 (v

78 3165 137 3215 sap.
152 3163 218 3202 cers.
229 3163 263 3200 m.
274 3148 301 3215 1)
315 3146 349 3200 N
362 3145 366 3218 1
382 3145 526 3200 radiarent
539 3147 567 3200 Β
580 3145 758 3200 radiarentur
775 3145 807 3200 O.-
821 3162 889 3200 3333.
904 3145 1031 3211 Iobates,
1050 3162 1087 3198 aa

59 3215 221 3272 ’3313133332
240 3219 272 3270 ut
289 3233 423 3286 prospera
438 3217 497 3271 eius
513 3217 796 3272 adversis-radiarent
810 3217 942 3270 Halalae
957 3219 961 3285 1
978 3214 1086 3284 Quippe

77 3292 168 3358 (prior
185 3307 204 3358 p
223 3307 256 3343 ecc
275 3288 294 3340 d
312 3306 381 3343 3333.
395 3307 429 3343 aa
446 3291 472 3359 1)
489 3290 518 3343 Β
534 3288 538 3361 1
554 3287 685 3342 hadriani
701 3288 727 3340 L
741 3292 750 3358 11
765 3292 797 3341 15
816 3286 899 3340 iussit
912 3287 940 3339 Β
961 3289 965 3354 1
984 3285 1086 3340 illirico

78 3361 105 3413 L
113 3362 122 3431 11
133 3366 165 3414 16
176 3359 323 3414 currictico
331 3360 357 3413 L
367 3359 486 3428 syretico
496 3362 530 3424 B,
539 3379 563 3415 o.
572 3361 678 3414 Lacaa
686 3360 795 3414 1Vroc
803 3359 935 3427 Strabop.
945 3361 1007 3425 123,
1015 3361 1067 3411 315
1078 3358 1087 3426 11

81 3438 110 3484 17
121 3431 180 3485 libo
191 3431 309 3501 genibus
320 3433 347 3485 Β
361 3433 370 3499 11
385 3437 417 3485 19
427 3430 535 3485 ablatio
545 3432 573 3484 Β
583 3430 693 3485 ablasio
706 3430 737 3485 C:
751 3448 819 3485 3333.
832 3430 1016 3484 F.Asalaaas
1029 3430 1039 3499 11
1053 3433 1086 3481 20

78 3501 204 3556 fecerant
213 3504 250 3570 B,
264 3511 294 3557 at
306 3521 331 3558 3.
341 3503 384 3557 De
398 3503 513 3558 Senecae
524 3520 623 3558 neceas.
634 3509 659 3556 et
673 3504 803 3557 eraeadat.
811 3520 840 3571 p.
851 3505 905 3556 168
915 3501 980 3554 ada.
991 3503 1090 3567 111121

79 3573 202 3626 submari
222 3573 241 3642 (i
259 3591 327 3629 corr.
344 3592 377 3629 ec
396 3576 421 3645 3)
439 3575 467 3629 Β
486 3579 496 3644 11
513 3579 548 3629 22
566 3573 739 3647 indaginem
754 3575 788 3644 lg
804 3590 879 3628 corr.
891 3588 928 3624 33
943 3585 963 3620 a
978 3585 1021 3619 m·
1030 3570 1065 3628 1)
1075 3567 1110 3613 Β
