2436 3826
349 211 541 264 vneornrvs
560 211 706 265 onerose
724 213 773 265 sn
790 212 909 265 Poura
1077 207 1139 273 187

131 377 326 437 miseriorem.
364 384 409 437 set
433 376 557 438 subinde
577 379 749 438 retractanti
768 384 937 456 sortemque
956 394 1052 436 meam
1071 394 1139 436 cum

131 466 258 525 fortunis
286 472 316 526 et
344 468 451 526 ceteris
479 468 555 526 vitae
583 465 734 527 laboribus
758 466 922 526 conferenti
945 464 1064 525 tandem
1088 464 1139 525 ali-

131 553 248 633 quando
266 553 455 632 pulchritudo
475 556 607 634 suscepti
626 557 725 634 operis
745 557 889 634 apparuit.
927 556 1004 614 scire
1023 560 1053 613 te
1068 571 1138 631 ergo

131 661 208 703 nunc
237 650 354 722 oportet
376 643 490 704 nullum
512 645 729 724 magisterium,
756 643 866 704 nullam
889 644 1139 721 procurationem,

104 731 244 793 onulfum
275 731 419 792 honorem
452 732 585 813 decerni,
618 739 744 811 quantus
776 732 825 793 hic
858 734 897 792 sit
923 738 1042 791 nostrae
1070 748 1138 809 pro-

129 821 277 881 fessionis.
313 838 419 901 nempe
444 822 470 881 si
492 821 566 880 mihi
589 823 734 881 maximus
753 823 916 900 imperator
934 823 1024 880 vitem
1042 819 1072 879 id
1093 826 1139 880 est

129 917 248 970 centum
266 909 401 970 homines
420 909 566 988 regendos
585 909 765 990 tradidisset,
787 927 847 970 non
865 909 1025 970 mediocris
1043 908 1138 968 honor

128 998 246 1059 habitus
278 998 352 1058 mihi
378 998 541 1080 videretur3
574 999 646 1059 cedo
676 1000 701 1058 si
728 999 958 1078 praefecturam,
990 999 1016 1057 si
1043 996 1137 1057 tribu-

128 1095 243 1148 natum:
266 1105 372 1167 nempe
397 1087 476 1148 idem
498 1087 602 1168 honoS,
625 1089 684 1148 nisi
707 1087 784 1166 quod
804 1105 919 1148 merces
939 1086 1072 1165 amplior.
1111 1087 1137 1145 si

89 1189 115 1228 1⁰
129 1194 199 1254 ergo
222 1194 282 1235 non
301 1176 417 1256 Caesar,
441 1176 492 1236 sed
511 1175 641 1237 Fortuna
664 1176 720 1237 hoc
742 1194 834 1254 genus
854 1177 989 1236 stationis
1008 1176 1138 1235 iniunxit

128 1267 173 1324 uti
195 1266 296 1342 pueris
317 1266 454 1342 ingenuis
473 1271 560 1344 atque
579 1265 712 1326 honestis
731 1265 942 1345 praesiderem,
964 1282 1062 1324 nonne
1081 1262 1137 1323 tibi

128 1351 286 1431 pulchrum
303 1349 449 1434 <videor>
468 1359 555 1432 atque
579 1355 768 1432 magnificum
787 1360 964 1414 consecutus
984 1348 1136 1412 officium?

129 1458 237 1520 quaeso
261 1443 349 1521 enim,
371 1443 494 1521 propius
516 1444 642 1522 intuere,
664 1451 765 1502 utrum
787 1441 969 1520 praeclarius
993 1443 1032 1501 sit
1051 1458 1136 1518 sagu-

128 1529 194 1589 latis
214 1547 250 1589 an
268 1532 460 1607 praetextatis
475 1527 634 1608 inperare?
653 1529 788 1590 barbaris
803 1531 992 1608 efferatisque
1007 1531 1135 1607 pectori-

87 1630 114 1670 16
128 1618 183 1679 bus
207 1636 244 1678 an
267 1617 389 1679 mitihus
413 1626 443 1679 et
466 1615 616 1678 innoxiis?
641 1618 717 1679 hone
736 1618 878 1698 luppiter,
901 1636 989 1696 quam
1008 1620 1135 1695 impera·

127 1709 245 1788 torium,
269 1725 357 1786 quam
380 1710 496 1786 regium
520 1713 566 1767 cst
584 1707 688 1768 sedere
708 1726 722 1767 a
743 1713 883 1786 suggestu
902 1707 1135 1784 praecipientem

126 1795 220 1856 honos
246 1814 344 1857 mores
368 1804 398 1857 et
421 1814 572 1857 sacrarum
595 1795 692 1856 studia
715 1795 895 1876 litterarum,
923 1797 982 1854 iam
1005 1796 1135 1854 carmina

126 1885 358 1966 praelegentcm,
382 1885 490 1964 quihus
514 1903 565 1944 ora
588 1892 761 1964 mentesque
785 1886 963 1964 formantur,
985 1884 1044 1943 iam
1068 1901 1135 1943 scn-

125 1975 228 2034 tcntiis
252 1975 341 2033 variis
365 1992 471 2035 sensus
494 1976 681 2055 excitantem,
704 1976 763 2034 iam
786 1973 929 2053 exemplis
953 1990 1055 2032 rores

197 2167 212 2214 1
237 2163 266 2215 et
288 2160 407 2216 subinde
425 2163 593 2218 retractent:
612 2179 680 2217 corr.
695 2164 861 2218 Bitscheh'ue
881 2165 891 2232 ΙΙ
912 2169 927 2216 3
946 2160 1107 2230 pulcritudo
1125 2161 1135 2233 ll

124 2237 143 2284 4
161 2232 252 2302 magis
266 2232 405 2301 predium:
426 2249 494 2288 corr.
505 2233 650 2303 Hauptu'ue
668 2251 758 2302 opusc.
773 2235 829 2288 III
835 2252 864 2304 p.
880 2239 935 2288 459
948 2231 1039 2286 maius
1053 2248 1134 2301 pree·

125 2302 204 2356 dium
219 2303 346 2358 oehlerus
358 2305 368 2372 ΙΙ
382 2310 398 2358 6
412 2303 550 2373 inputem:
565 2321 633 2360 eoru.
649 2306 767 2360 Iahnius
780 2304 933 2376 imperator
947 2303 1135 2358 centuriatum

125 2374 279 2443 Sehopeuue
294 2374 447 2444 imperator
460 2374 537 2430 mille
551 2375 597 2430 vel
611 2375 777 2432 Bitschelius
790 2378 799 2446 ΙΙ
814 2383 828 2430 'l
844 2376 932 2431 honos
948 2375 1113 2430 Bitscheh'ue
1125 2377 1134 2444 ll

126 2451 157 2498 11
181 2461 253 2500 none
276 2448 285 2515 ll
309 2451 341 2499 12
365 2445 463 2501 videor
485 2454 548 2502 oete
570 2446 699 2517 pulcrum
721 2447 1135 2517 (siciudd.1titeeloelius,poet

123 2515 251 2597 pulcrum
259 2519 378 2572 Iahnius
390 2517 538 2587 pulchrum
548 2517 631 2590 <sum
663 2519 678 2573 ,9
691 2521 700 2588 ΙΙ
715 2524 749 2571 14
762 2518 927 2589 protexistis
941 2520 951 2587 ΙΙ
965 2523 999 2570 15
1013 2516 1132 2589 iupiterl

123 2587 326 2657 mporatorium
339 2591 349 2658 ΙΙ
364 2593 397 2642 16
416 2587 446 2642 in
465 2591 599 2658 suggestu
639 2591 773 2658 ohopeuus
791 2593 800 2659 ΙΙ
820 2596 851 2643 19
871 2589 1041 2643 excitantur:
1065 2605 1133 2643 corr.

122 2658 288 2782 Rttpchleqiqe
305 2660 316 2740 l,
325 2658 459 2728 exemplis
478 2659 621 2714 Romanae
645 2659 821 2729 eloquentiae
839 2661 1019 2727 Ritecheh'ue,
1040 2660 1135 2714 malim

123 2744 146 2783 e.
193 2774 198 2784 .
249 2747 261 2782 s
276 2745 352 2783 orme
