2436 3826
412 175 437 244 1,
456 179 499 229 ae.
518 180 552 230 41
571 174 631 244 (ΠΙ,
654 177 775 245 10-11).

336 357 433 419 XLVI.
466 358 615 419 BELLVM
637 357 858 420 Plnrfflcvu.

158 499 235 559 Dum
268 499 366 561 Gallos
398 519 452 580 per
480 500 636 561 Caesarem
668 503 700 561 in
733 503 935 579 septentrione
968 501 1103 583 debellat,
1112 497 1208 583 111,ll

92 590 157 667 ipse
185 591 307 649 interim
330 590 366 650 ad
390 592 536 651 orientem
559 608 645 668 grave
669 589 773 650 volnus
797 609 814 650 a
835 589 953 650 Parthis
976 590 1102 669 populus

92 677 242 738 Romanus
270 681 392 757 accepit
438 697 493 739 nec
517 679 553 739 de
577 679 695 739 fortuna
719 681 804 758 queri
827 697 999 760 possumus,
1023 689 1104 739 caret

65 766 201 826 ssolacio
235 765 341 828 clades.
388 768 520 828 adversis
554 774 583 828 et
615 767 661 828 dis
693 775 724 828 et
754 767 925 828 hominibus
956 768 1137 846 cupiditast

91 855 222 915 consulis
242 855 350 937 Crassi,
374 857 444 916 dum
462 856 599 917 Parthico
622 857 717 917 inhiat
739 876 821 938 auro,
844 857 983 917 undecim
1002 865 1099 936 strage

91 943 241 1023 legionum
269 952 299 1005 et
323 947 418 1024 ipsius
442 948 536 1024 capite
560 945 682 1006 multata
706 951 759 1006 est.
807 952 836 1006 et
858 945 997 1006 tribunus
1020 944 1101 1024 plebi
1120 959 1136 1006 3

90 1032 226 1094 Metellus
258 1042 417 1095 exeuntem
446 1035 552 1096 ducem
579 1034 738 1095 hostilibus
766 1034 840 1095 diris
870 1035 1040 1115 devoverat,
1073 1043 1103 1094 et

92 1141 160 1182 cum
183 1122 311 1201 Zeugma
332 1126 490 1184 transisset
513 1126 671 1204 exercitus
694 1130 777 1202 rapta
802 1123 909 1184 subitis
934 1125 1017 1202 signa
1038 1130 1100 1184 tur-
1119 1136 1137 1183 4

52 1221 79 1261 10
92 1210 213 1271 binibus
236 1211 335 1273 hausit
353 1213 528 1293 Euphrates,
552 1220 668 1274 etcum
687 1219 758 1292 aput
775 1212 988 1292 Nicephorium
1007 1220 1103 1273 castra
1210 1290 1213 1298 ,

91 1302 254 1380 posuisset,
279 1303 364 1362 missi
387 1302 423 1362 ab
447 1301 545 1362 Orode
568 1320 638 1380 rege
662 1301 750 1379 legati
773 1304 956 1381 nuntiavere,
978 1321 1101 1380 percus·

92 1406 194 1448 sorum
213 1409 281 1450 cum
298 1390 438 1470 Pompeio
457 1390 609 1451 foederum
625 1390 761 1469 Syllaque
780 1392 975 1450 meminisset.
1011 1392 1102 1468 regiis
1122 1402 1137 1450 5

91 1478 209 1538 inhians
240 1477 289 1538 ille
317 1480 486 1540 thensauris
514 1479 589 1539 nihil
615 1498 653 1539 ne
681 1481 856 1557 imaginario
885 1478 1004 1557 quidem
1028 1481 1102 1558 iure,

93 1574 139 1627 set
162 1566 314 1628 Seleuciae
343 1587 374 1628 se
403 1586 616 1646 responsurum
640 1586 706 1628 esse
730 1567 890 1645 respondit.
937 1569 1037 1646 itaque
1060 1567 1102 1627 dii
1122 1581 1137 1629 6

52 1664 78 1705 1⁵
92 1655 246 1716 foederum
265 1656 378 1717 ultores
397 1675 452 1717 uec
471 1657 589 1716 insidiis
604 1675 659 1717 nec
673 1658 777 1716 virtuti
790 1656 921 1715 hostiurn
935 1656 1101 1716 defuerunt.

91 1746 151 1804 iam
171 1747 309 1826 primum,
333 1748 385 1824 qui
404 1745 485 1806 solus
505 1753 534 1806 et
553 1745 716 1806 subvehere
735 1750 916 1804 commeatus
936 1752 966 1804 et
983 1746 1101 1804 munire

91 1841 207 1912 poterat
235 1853 251 1894 a
274 1841 371 1915 tergo,
399 1833 522 1895 relictus
544 1833 723 1914 Euphrates,
751 1833 822 1893 dum
845 1832 982 1893 simulato
1005 1840 1101 1893 trans-

92 1921 178 2000 fugae
211 1923 327 1983 cuidam
354 1923 501 1983 Mazzarae
530 1922 603 2002 Syro
636 1923 776 1984 creditur.
821 1928 884 1982 tum
914 1924 947 1981 in
974 1922 1136 1983 mediam?
1197 1946 1201 1954 ·

92 2029 263 2089 camporum
295 2014 462 2072 vastitatem
494 2012 598 2072 eodem
631 2013 705 2073 duce
738 2012 844 2072 ductus
875 2013 1036 2091 exercituS,
1068 2019 1102 2071 ut

51 2110 78 2150 2⁰
91 2099 222 2179 undique
242 2100 321 2161 hosti
339 2108 544 2180 exponeretur.
577 2104 676 2180 itaque
695 2100 815 2161 vixdum
831 2110 953 2160 venerat
967 2099 1102 2181 Carrhas,
1121 2113 1137 2161 8

92 2207 160 2249 cum
187 2189 319 2268 undique
339 2191 482 2269 praefecti
505 2192 585 2270 regis
609 2190 720 2251 Silaces
744 2197 773 2250 et
792 2188 921 2249 Surenas
946 2189 1102 2249 ostendere

162 2343 184 2395 I
199 2348 213 2395 1
233 2338 312 2396 suun
329 2356 508 2398 renunculi
523 2373 546 2412 ·,·
562 2344 596 2399 N
609 2345 618 2414 11
637 2351 653 2397 2
673 2342 891 2412 septentrionem
911 2345 948 2413 (m
967 2345 1103 2412 expunxit

90 2429 125 2467 an,
141 2416 168 2482 1)
186 2413 220 2466 N
236 2416 240 2483 1
261 2413 322 2483 ipse
341 2422 404 2469 unte
422 2414 536 2468 interim
554 2432 603 2470 orn.
626 2416 650 2471 0
666 2420 670 2484 1
690 2415 792 2469 uulnus
811 2414 870 2468 BL
887 2416 890 2483 1
907 2413 1035 2483 aphartis
1050 2415 1084 2468 N
1096 2415 1099 2486 1

92 2483 224 2554 [populus
242 2485 419 2556 nominant?
439 2488 448 2556 11
469 2495 485 2540 o
505 2485 560 2540 diis
578 2487 638 2540 BL
658 2491 662 2553 1
684 2488 728 2540 set
746 2488 769 2554 (s
789 2487 925 2554 expunxit
942 2504 976 2540 nt.
996 2491 1027 2553 2)
1046 2486 1080 2540 N
1097 2487 1100 2556 1

90 2554 1103 2698 111111111111111111111111111111111111

93 2696 299 2752 Freinshemius
315 2703 319 2766 1
335 2701 483 2753 exuentem
499 2700 526 2753 Β
544 2700 547 2767 1
569 2668 668 2752 (11111111
687 2699 717 2767 ((1
734 2699 857 2753 iudendo
874 2699 906 2751 in
923 2697 935 2750 l
952 2704 1059 2752 mutatu
1077 2704 1103 2751 et

91 2785 126 2822 ni.
147 2773 166 2822 2
190 2770 269 2834 infru
290 2786 397 2824 uerecnn
419 2769 450 2824 id
468 2772 512 2824 est
530 2768 615 2838 diem)
633 2771 668 2824 N
682 2769 775 2823 lucem
792 2769 820 2821 L
840 2770 844 2837 1
864 2767 992 2822 hostibus
1012 2769 1039 2821 Β
1058 2771 1067 2838 11
1086 2773 1102 2821 9

92 2837 230 2892 exercitus
249 2841 275 2908 (e
293 2857 380 2909 supra
393 2843 515 2911 priorem
529 2857 544 2894 1
558 2842 628 2895 maie
642 2842 794 2908 exaratam)
809 2840 836 2892 L
849 2841 859 2908 11
873 2844 907 2892 10
921 2838 1044 2893 eufrates
1061 2839 1084 2893 0
1097 2840 1100 2911 1

93 2909 169 2978 apud
190 2909 213 2963 O
230 2914 234 2975 1
256 2910 438 2981 nicephorum
455 2913 523 2968 BN
537 2910 692 2966 niceforum
710 2911 748 2966 L:
768 2928 836 2966 corr.
853 2911 966 2965 Vinctus
984 2912 993 2980 11
1012 2916 1044 2962 11
1065 2909 1102 2963 ab

90 2979 195 3034 herode
219 2981 247 3033 B
271 2981 392 3036 aberode
415 2983 442 3036 L
466 2983 471 3055 1
497 2982 701 3037 denunciauere
727 2982 778 3050 011
804 2987 835 3034 12
854 2981 1025 3050 phoederum
1044 2982 1071 3034 B
1097 2983 1099 3051 1

92 3050 251 3120 nullamque
278 3053 302 3108 0
322 3055 326 3122 1
351 3053 526 3108 meminisset
553 3057 577 3122 (t
601 3056 737 3124 expunxit
759 3070 792 3106 nt.
812 3055 842 3123 2)
866 3053 899 3105 N
920 3055 924 3119 1
950 3054 993 3105 set
1015 3051 1102 3122 regiis

91 3125 220 3191 lebuine,
238 3127 439 3196 1111111411
461 3131 492 3179 13
511 3125 652 3179 thesauris
671 3126 730 3179 BL
750 3126 754 3192 Ι
774 3140 810 3177 ne
829 3141 878 3178 orn.
896 3122 1102 3192 Olimginurio

91 3194 145 3263 Lll
165 3200 198 3248 14
217 3195 266 3249 sed
284 3196 311 3248 L
329 3198 338 3265 11
360 3202 391 3250 lt
409 3196 582 3266 phoederum
600 3199 628 3252 Β
644 3200 648 3264 1
664 3193 775 3250 insidiis
797 3194 831 3262 (is
850 3196 882 3248 in
899 3211 1000 3249 ruenru
1018 3197 1102 3248 nnius

91 3265 206 3335 litterae)
224 3268 252 3320 B
271 3266 392 3322 insidis?
409 3269 418 3337 11
443 3273 475 3321 16
494 3267 598 3321 muniri
616 3271 644 3323 B
661 3271 671 3338 11
691 3275 723 3322 17
742 3264 864 3319 eufrates
883 3265 917 3319 N
934 3266 938 3333 1
959 3265 1030 3319 Tum
1048 3266 1076 3319 L·
1093 3266 1102 3336 11

91 3341 125 3389 18
148 3353 275 3392 mancare
298 3339 333 3392 N
353 3337 455 3394 Festus
478 3341 547 3394 brev.
571 3345 608 3394 17
631 3355 742 3393 mazare
765 3336 827 3390 BL
851 3335 856 3407 1
882 3335 937 3390 siro
961 3337 987 3389 L
1013 3339 1016 3405 1
1041 3339 1102 3389 tum

91 3423 140 3461 orn.
156 3410 183 3463 Β
203 3409 269 3462 dum
283 3410 311 3463 L
327 3412 337 3480 11
357 3415 390 3464 19
409 3412 441 3463 ut
458 3427 508 3465 orn.
526 3410 572 3480 011
591 3416 625 3466 20
645 3411 758 3465 carhras
773 3407 799 3461 L
812 3411 822 3477 l
836 3414 868 3460 21
888 3407 1025 3477 praefecti
1043 3410 1102 3477 (rae

90 3479 122 3531 in
144 3483 255 3549 resona)
272 3482 299 3535 Β
324 3484 329 3551 1
355 3480 456 3534 siloees
480 3483 540 3550 (pro
559 3497 581 3535 u
596 3512 602 3523 ·
617 3509 651 3528 =
663 3482 809 3553 proprium
826 3496 1037 3546 concensemus
1052 3495 1113 3530 ueru

90 3566 150 3604 suin
172 3568 206 3605 nr.
224 3552 307 3621 2111
320 3554 327 3622 1
347 3552 455 3607 sirenas
474 3553 503 3608 Β
527 3571 647 3626 syrenas
668 3556 705 3614 O:
724 3571 798 3612 corr.
816 3547 1088 3623 ogthostenhms
1102 3541 1137 3588 B
