2436 3826
149 206 191 270 38
513 207 624 258 FLORI
641 207 802 258 EPITOMA

151 379 308 434 erexerant
339 371 540 450 translataque
573 372 604 430 in
637 389 669 430 se
701 389 734 430 re
767 389 794 449 p.
827 369 1064 430 dominabantur.
1114 370 1167 431 sed

149 463 182 522 hi
206 480 323 541 quoque
348 461 423 521 duce
446 459 536 520 Fabio
561 459 684 539 Gurgite
708 478 819 538 poenas
843 459 997 520 dederunt.

431 672 516 733 XVII.
549 671 597 731 DE
622 670 888 758 sunlrlonmvs

99 816 140 878 22
219 815 299 876 Haec
328 822 373 875 est
402 814 532 876 secunda
555 820 635 874 aetas
658 813 761 892 populi
784 813 910 873 Romani
934 821 963 874 et
987 815 1074 893 quasi
1099 814 1168 874 adu·

153 905 308 984 lescentia‚
346 922 403 982 qua
438 906 566 964 maxime
598 904 689 962 viruit
722 909 752 961 et
784 902 910 981 quodam
943 902 1016 962 tlore
1048 904 1203 963 virtutiss

154 995 264 1053 exarsit
302 1011 336 1052 ac
373 991 492 1052 ferbuit.
548 994 648 1069 itaque
685 992 782 1052 inerat
818 991 962 1070 quaedam
999 990 1097 1052 adhuc
1133 1009 1169 1050 ex

153 1081 322 1161 pastoribus
360 1081 475 1160 feritas,
513 1079 653 1158 quiddam
690 1079 785 1139 adhuc
818 1079 949 1158 spirabat
963 1069 1168 1140 'indomitum

118 1171 223 1234 ainde
261 1177 307 1230 est
345 1169 422 1248 quod
460 1171 609 1229 exercitus
642 1168 826 1228 Postumium
859 1170 1070 1247 imperatorem
1104 1168 1169 1228 inti·

153 1262 277 1320 tiantem
302 1277 375 1336 quas
398 1260 577 1334 promiserat
600 1257 725 1336 praedas
749 1257 825 1317 facta
843 1259 875 1317 in
895 1259 1001 1317 castris
1021 1257 1168 1318 seditione

154 1347 307 1427 lapidavit,
336 1346 415 1424 quod
440 1346 494 1406 sub
518 1345 612 1425 Appio
636 1345 758 1405 Claudio
782 1345 877 1406 noluit
900 1347 1020 1405 vincere
1042 1345 1169 1426 hostem,
1182 1365 1203 1403 ro

155 1454 222 1496 cum
245 1442 360 1514 posset,
389 1434 468 1513 quod
493 1435 567 1495 duce
591 1434 736 1494 Volerone
760 1433 994 1494 detrectantibus
1017 1433 1169 1514 plerisque

119 1540 135 1588 3
154 1525 300 1603 militiam,
324 1523 410 1583 tracti
428 1523 559 1584 consulis
579 1523 681 1582 fasces.
720 1523 789 1582 inde
809 1522 990 1583 clarissimos
1009 1525 1170 1604 principes,

156 1613 234 1692 quod
258 1612 486 1672 adversarentur
508 1612 652 1672 voluntati
676 1629 755 1692 suae,
780 1611 947 1672 exulatione
970 1610 1116 1692 multavit,
1138 1618 1171 1672 ut

156 1701 346 1762 Coriolanum
369 1699 466 1761 colere
491 1719 577 1780 agros
596 1700 748 1761 iubentem
768 1701 886 1760 —nec
904 1701 1004 1760 minus
1023 1698 1073 1760 ille
1093 1701 1170 1760 fero-

156 1794 232 1852 citer
255 1793 394 1851 iniuriam
417 1792 508 1850 armis
528 1789 715 1869 vindicasset,
737 1790 797 1848 nisi
816 1789 895 1867 quod
914 1791 973 1849 iam
991 1789 1171 1850 inferentem
1184 1805 1205 1847 u

119 1883 240 1959 asigna
272 1878 366 1938 lilium
397 1885 492 1938 mater
519 1878 638 1937 Veturia
670 1877 800 1937 lacrimis
834 1879 897 1937 suis
930 1880 1106 1959 exarmavit3
1138 1884 1172 1938 ut

156 1972 255 2047 ipsum
284 1966 452 2045 Camillum,
481 1966 560 2044 quod
583 1969 684 2044 inique
708 1967 787 2027 inter
809 1965 928 2044 plebem
951 1973 982 2026 et
1004 1968 1171 2028 exercitum

157 2057 294 2116 divisisse
309 2055 463 2114 Veientem
485 2054 625 2132 praedam
648 2055 801 2114 videretur
815 2087 858 2096 -·
874 2054 926 2114 sed
945 2055 993 2115 hic
1012 2054 1121 2114 melior
1139 2058 1172 2114 in

158 2152 241 2222 capta
273 2143 348 2204 urbe
382 2144 538 2202 consenuit
568 2150 597 2202 et
628 2162 697 2202 mox
730 2143 879 2222 supplices
908 2143 944 2204 de
973 2144 1059 2203 hoste
1088 2143 1170 2203 Gallo

122 2232 324 2298 evindicavit.
367 2249 435 2290 cum
459 2237 563 2291 senatu
586 2250 703 2310 quoque
727 2231 932 2293 vehementius
958 2249 1052 2310 aequo
1078 2231 1171 2292 bono·
1184 2248 1207 2290 ro

229 2422 280 2474 Il
300 2421 446 2474 erexerant
464 2421 556 2490 (prior
573 2437 587 2472 r
605 2427 725 2474 correcta
743 2438 777 2475 eac
794 2422 822 2489 v)
839 2420 866 2473 L
881 2422 886 2489 1
903 2437 931 2475 se
950 2437 980 2475 re
997 2437 1028 2474 re
1048 2423 1098 2490 qi·
1118 2423 1147 2476 Β
1163 2421 1173 2491 1)

158 2490 274 2544 trebio
293 2492 321 2545 B
334 2496 374 2560 114
392 2492 469 2545 Haec
488 2493 532 2545 est
545 2521 579 2531 -
594 2489 775 2544 dimicaretur
793 2492 834 2612 Sp.
853 2496 901 2559 42,
916 2495 962 2561 17)
980 2508 1030 2547 om.
1049 2494 1071 2546 I
1083 2495 1088 2562 1
1105 2491 1172 2546 ado·

158 2562 294 2616 lescentia
318 2566 344 2633 (o
363 2569 483 2618 correcta
502 2581 535 2617 eac
552 2578 571 2613 u
589 2580 623 2616 m.
644 2563 671 2629 1)
688 2562 716 2615 B
740 2562 796 2614 adu
808 2561 928 2616 iscentia
946 2563 980 2616 N
997 2566 1007 2630 1
1030 2569 1047 2618 6
1066 2564 1174 2633 etpost

159 2651 193 2688 ex
212 2633 282 2687 arsit
300 2637 364 2689 aaa.
380 2635 414 2688 N
426 2637 430 2703 1
445 2633 500 2686 hac
518 2631 625 2687 ferbuit
640 2632 668 2685 Β
687 2631 826 2686 acferuuit
845 2633 874 2700 (d
892 2651 979 2703 sopra
997 2650 1012 2686 c
1027 2650 1087 2703 pos.
1107 2652 1142 2689 m.
1157 2640 1172 2687 1

158 2712 184 2760 et
202 2708 324 2775 priorem
342 2723 361 2757 u
383 2708 415 2759 tn
437 2704 455 2758 b
479 2706 556 2772 mot.)
575 2704 609 2757 N
624 2719 657 2756 ac
674 2702 761 2756 feruit
778 2704 805 2757 L
830 2707 834 2770 1
859 2703 901 2757 ita
920 2720 993 2772 quae
1010 2721 1053 2775 oq.
1074 2703 1175 2773 atquin

158 2777 344 2831 Baehreasius
366 2777 375 2844 11
399 2781 413 2828 i
438 2774 574 2843 quiddam
603 2776 694 2843 (prior
722 2775 741 2826 d
767 2792 853 2844 snpra
880 2792 987 2830 ceream
1012 2792 1047 2830 m.
1070 2778 1097 2845 1)
1124 2776 1172 2839 ΒΙ

159 2847 251 2901 adhuc
270 2865 320 2902 ooa.
343 2847 489 2901 Caeclasit
507 2845 653 2912 Halmius,
677 2847 724 2898 sed
740 2847 799 2913 ipse
816 2852 958 2915 coroparot
971 2864 1000 2916 p.
1022 2851 1067 2914 35,
1080 2852 1146 2917 &sq
1166 2846 1174 2913 ll

159 2917 386 2987 8posthumium
413 2917 442 2985 (h
467 2934 554 2985 supra
580 2933 686 2971 cereum
707 2933 741 2970 m.
762 2917 789 2983 1)
811 2916 840 2970 Β
860 2920 869 2985 11
890 2922 922 2970 11
943 2920 977 2971 ab
1001 2919 1099 2987 poscet
1121 2917 1173 2989 Li

158 2990 289 3044 ualerone
313 2989 341 3042 B
365 2986 472 3041 ualerio
495 3003 562 3041 nero
588 3003 624 3040 ne
645 2986 680 3041 O:
704 3003 772 3041 corr.
799 2986 987 3056 Oospiaioaas
1011 2991 1015 3058 1
1042 2988 1175 3043 (labaeti-

158 3061 211 3114 bus
231 3061 259 3114 B
283 3063 291 3128 11
315 3064 348 3112 12
373 3059 448 3127 quod
472 3065 535 3112 ante
559 3056 728 3111 clarissimos
748 3059 812 3112 odd.
834 3057 858 3113 0
879 3058 1029 3129 iprinceps
1048 3061 1081 3114 io
1099 3059 1175 3129 prin·

159 3131 235 3200 cipes
259 3133 377 3186 mutavit
395 3131 435 3184 Bl
453 3132 462 3198 11
482 3134 515 3181 13
535 3127 686 3182 uolumtati
704 3130 732 3183 B
748 3130 752 3198 Ι
769 3128 944 3184 exultatione
962 3133 995 3184 ia
1014 3129 1176 3186 exulatione

159 3205 277 3258 enatavit
298 3202 340 3256 B¹
368 3199 544 3255 exsulatione
568 3201 591 3268 (a
615 3202 751 3268 eapooxit
768 3218 802 3254 aa.
823 3204 849 3269 1)
869 3201 903 3254 Ν
926 3200 1176 3271 exsulationem

161 3280 194 3327 14
213 3272 319 3327 colores
338 3275 369 3327 ia
388 3272 479 3326 colere
497 3272 614 3325 mutauit
627 3270 655 3323 Β
661 3273 668 3300 ¹
684 3272 689 3339 1
704 3269 848 3325 iubentem
867 3272 895 3339 (b
914 3279 1035 3327 correcto
1052 3291 1087 3327 m.
1107 3280 1123 3327 1
1143 3290 1177 3329 ac

159 3345 181 3414 l)
198 3345 226 3399 Β
240 3349 249 3414 1
265 3353 297 3399 16
316 3343 399 3413 signa
417 3347 445 3413 (a
463 3349 584 3398 correcta
601 3348 665 3395 mi
686 3359 720 3395 eoa
738 3344 766 3410 ο)
780 3343 808 3396 Β
823 3345 831 3411 11
847 3347 880 3395 18
899 3344 1070 3397 ueentem·L
1086 3347 1091 3412 1
1107 3343 1177 3400 baec

159 3417 187 3470 B
212 3420 217 3483 1
242 3415 286 3469 uis
314 3422 377 3469 onte
403 3415 434 3468 in
462 3415 525 3469 add.
549 3412 590 3479 Β,
618 3414 691 3482 qaod
718 3429 752 3466 ecc
774 3413 840 3466 Veia
869 3421 959 3469 ortam
982 3430 1037 3469 esec

152 3487 307 3540 Seeboda'ae
331 3485 382 3539 sed
409 3484 457 3539 hic
479 3482 614 3538 humilior
636 3482 703 3536 Veis
726 3483 912 3540 Mommseuae
934 3484 984 3538 sed
1007 3483 1055 3540 hic
1077 3485 1177 3541 melior

136 3568 213 3622 cirris
227 3572 429 3632 Baehreoscics
440 3580 454 3648 1
466 3582 503 3632 20
524 3558 707 3632 ubementius
726 3574 870 3645 (spiritam
888 3574 955 3628 odd.
969 3590 1007 3626 m.
1024 3578 1053 3641 1)
1069 3574 1097 3626 B
