2436 3826
547 190 661 241 INDEX
1046 187 1113 253 263

114 346 332 416 dimicaverunt,
360 348 447 401 donec
473 348 576 401 Arrun·
631 346 829 417 Tectosagi,
861 347 1110 418 Gallograecorum

116 421 174 472 tem
192 418 294 471 Brutus
314 418 417 472 occidit
437 424 526 487 18,11
648 434 725 487 gens,
744 418 878 472 Romanis
895 435 924 472 se
941 419 1110 473 dediderunt

95 489 306 557 Tarquinius
327 489 466 543 Priscus
485 492 576 543 trans·
649 494 690 558 69,
707 494 722 543 8

116 561 241 615 marinae
260 561 575 630 originis11,22.12,2.
631 576 646 614 e
686 560 900 630 tegumentis
943 561 1111 630 pecudum

115 631 576 702 regnumaccepitobindustriam
648 631 777 700 Spartaci
810 631 916 686 milites
950 632 1109 686 inconditos

115 705 201 770 atque
212 700 383 772 elegantiam
395 709 435 771 12,
447 708 471 757 1.
496 718 575 757 sena·
648 702 704 756 sibi
724 701 829 773 clipeos
848 701 975 757 fecerunt
994 708 1053 772 128,
1070 709 1085 756 7

113 776 175 827 tum
197 791 311 828 numero
331 773 493 844 ampliavit,
512 790 575 827 cen·
629 772 812 828 Telesinus
831 793 857 828 v.
875 773 993 828 Pontius

113 845 196 899 turiis
232 845 322 898 tribus
355 845 435 899 auxit
466 844 575 913 equites
629 843 801 899 Tellurem
847 844 929 899 deam
971 845 1110 915 promissa

92 961 93 964 ,
116 923 159 983 12,
170 921 194 970 3.
220 916 330 969 Attium
348 916 469 971 Novium
488 933 575 986 augu-
647 916 718 971 aede
763 916 889 986 placavit
930 916 1109 986 Sempronius

91 1031 94 1037 ,
112 1004 173 1041 rem
186 987 216 1040 in
230 989 450 1058 experimentum
463 987 576 1057 rogavit
647 993 689 1055 37,
705 993 720 1040 6

115 1065 160 1127 12,
177 1064 201 1114 6.
238 1059 290 1112 ΧΠ
312 1058 430 1114 Tusciae
454 1058 575 1129 populos
628 1058 808 1113 temeritas
826 1057 992 1113 felicissima
1008 1058 1108 1113 Caesa-

112 1130 228 1199 subegIt
255 1137 301 1197 12,
328 1136 368 1185 12.
416 1130 517 1184 decora
545 1132 574 1184 et
645 1129 685 1183 ris
703 1147 753 1200 per
770 1129 857 1200 Alpes
875 1130 905 1183 in
924 1130 1048 1184 Calliam
1066 1148 1108 1185 re-

113 1200 245 1270 insignia,
254 1202 355 1270 quibus
362 1201 474 1271 imperii
482 1200 573 1271 digni·

647 1200 758 1255 deuntis
779 1207 868 1270 110,1

112 1272 157 1323 tas
165 1272 573 1340 eminet,instituit12,16.15‚6
627 1288 678 1341 per
700 1272 822 1342 Tempe
845 1271 1009 1326 Thessalica
1027 1272 1109 1326 Pom-

93 1341 304 1408 Tarquinius
329 1343 499 1411 Superbus
524 1359 573 1412 po-

646 1343 726 1411 peius
746 1358 817 1409 equo
836 1342 911 1412 fugit
930 1348 990 1411 147,
1007 1349 1021 1396 7

114 1414 233 1465 1111111111
248 1412 372 1466 omnium
385 1429 482 1482 regum
498 1418 539 1481 13,
549 1418 572 1466 9.
627 1414 818 1483 tempestas
838 1413 938 1466 oborta
957 1413 1030 1467 inter
1047 1430 1109 1468 cae-

112 1482 236 1536 inmissis
259 1483 289 1536 in
312 1483 438 1537 Servium
463 1500 574 1552 percus-

110 1554 222 1607 soribus
246 1554 348 1608 scelere
367 1553 477 1625 peperit
493 1555 573 1624 pote-

111 1627 215 1679 statem
248 1631 296 1694 13,
325 1631 366 1679 12.
414 1625 473 1679 eius
505 1641 574 1678 uxor

110 1696 206 1749 Tullia
222 1701 316 1765 13,14,
343 1713 406 1750 cum
425 1695 574 1750 saevitiam

111 1768 189 1822 domi
221 1768 383 1837 fatigasset,
416 1767 446 1820 in
478 1767 573 1821 hostes

108 1844 375 1906 conversus13,18.
403 1839 494 1892 filiurn
511 1855 572 1892 ver-

111 1911 209 1964 berare
230 1927 287 1964 non
305 1909 449 1963 dubitavit
468 1914 514 1978 13,
529 1914 571 1962 21.

109 1980 248 2051 templum
276 1981 363 2035 erexit
387 1987 433 2048 14,
453 1984 477 2034 5.
521 1979 572 2032 im-

109 2052 220 2122 perium
255 2052 369 2121 regibus
405 2051 573 2120 abrogatum

112 2128 211 2190 14,16.
235 2128 333 2191 15,17.
367 2122 493 2192 agitatus
513 2121 572 2176 eius

109 2193 221 2247 iniuriis
257 2192 377 2263 populus
417 2192 573 2263 cupiditate

110 2264 253 2318 libertatis
285 2264 445 2319 incenditur
477 2270 523 2333 15,
548 2271 572 2320 9.

646 1484 711 1537 dem
732 1483 846 1537 Romuli
870 1491 898 1552 9,
923 1488 964 1538 10.
1002 1486 1108 1554 tempe-

647 1557 721 1608 state
758 1554 903 1608 intercidit
938 1555 1022 1610 Fabii
1053 1556 1108 1609 Bu·

646 1626 737 1679 teonis
765 1625 923 1694 triumphus
947 1631 990 1692 47,
1016 1632 1039 1681 7.
1077 1627 1108 1680 in

645 1697 784 1766 Hispania
794 1713 823 1750 se
833 1696 922 1752 movit
931 1696 1109 1751 belliPunici

645 1768 761 1821 secundi
774 1771 794 1821 t.
806 1773 848 1836 53,
861 1774 884 1823 1.
904 1767 1024 1821 Asiatici
1037 1769 1108 1822 belli

644 1840 722 1892 mota
745 1842 765 1894 t.
790 1843 894 1907 65,16.
931 1839 1106 1894 Mithridatis

645 1910 764 1964 classem
791 1910 925 1979 adgressa
952 1913 972 1964 t.
998 1916 1043 1978 98,
1065 1917 1106 1966 14.

644 1981 786 2049 Mariana,
824 1980 940 2048 Syllana
971 1983 991 2036 t.
1016 1982 1108 2036 unde?

646 2056 759 2120 114,12.
793 2051 909 2119 Syllana
924 2054 945 2105 1.
960 2051 1035 2106 intra
1049 2053 1106 2107 lta-

645 2122 714 2177 liam
723 2123 891 2177 detonuerat
903 2128 992 2191 139,2.
1013 2124 1107 2178 sidera

644 2195 732 2248 flexus
755 2196 923 2264 tempestate
946 2194 1108 2264 significant

111 2337 214 2389 Brutus
238 2338 267 2390 et
290 2336 402 2391 Cassius
426 2335 574 2390 Caesarem
627 2337 790 2407 templum
808 2336 914 2391 Statori
927 2337 988 2390 Iovi
1002 2338 1106 2391 Romu·

109 2407 194 2476 quasi
211 2406 242 2462 T.
263 2407 404 2477 depulisse
426 2423 512 2477 regno
532 2406 573 2460 vi-

111 2478 251 2532 debantur
271 2485 329 2549 158,
345 2484 378 2532 16

93 2549 122 2605 S.
146 2550 368 2619 Tarquinius,
398 2549 517 2619 Superbi
544 2548 572 2616 f,

111 2621 209 2676 Gabiis
244 2620 420 2689 transfugam
458 2619 574 2672 simulat

112 2698 157 2760 13,
182 2697 224 2745 21.
270 2691 417 2745 Lucretiae
446 2693 573 2760 stuprum

111 2761 209 2815 intulit
227 2766 318 2830 14,15

91 2831 124 2884 in
152 2831 358 2885 Tarraconis
385 2831 571 2884 maritimis

110 2903 254 2971 Augustus
277 2919 321 2957 res
342 2919 392 2972 per
413 2901 523 2972 legatos
541 2902 572 2955 in

110 2973 264 3028 Cantabria
278 2976 373 3044 gestas
389 2973 499 3043 accepit
512 2978 571 3042 179,

111 3051 153 3101 13.
187 3045 509 3113 (101011111111185,22

91 3133 157 3169 curn
182 3115 213 3170 T.
238 3116 339 3170 Tatio
366 3133 423 3185 pax
449 3116 527 3169 facta
554 3133 572 3168 a

111 3187 230 3242 Romulo
253 3191 282 3256 8,
308 3192 349 3241 19.
395 3187 493 3241 Sabini
520 3186 571 3240 im-

645 2408 689 2461 lus
708 2410 792 2463 vovet
806 2413 831 2474 8,
847 2413 888 2462 18.
916 2410 935 2462 t.
956 2408 1106 2463 (1011111111-

645 2479 700 2532 biis
723 2481 869 2549 captarum
887 2478 999 2532 urbium
1018 2480 1107 2534 crexit

645 2550 813 2618 Tarquinius
829 2555 870 2615 14,
882 2554 905 2602 5.
933 2550 1040 2619 templa
1056 2550 1107 2605 Ca·

645 2621 767 2675 storibus
786 2620 817 2673 in
834 2618 941 2688 proelio
961 2621 1038 2689 apud
1053 2623 1107 2676 Re-

644 2691 708 2760 gilli
735 2691 829 2744 lacum
855 2689 1015 2744 Postumius
1043 2709 1106 2760 pro-

644 2761 723 2814 misit
748 2763 777 2815 et
799 2760 925 2814 reddidit
948 2767 994 2828 19,
1015 2767 1038 2817 9.
1076 2763 1107 2817 in

644 2832 797 2887 certamine
837 2848 900 2884 cum
942 2831 1106 2888 Sallentinis

644 2904 781 2974 templum
804 2902 859 2956 sibi
877 2902 960 2957 Pales
978 2905 1107 2974 poposcit

644 2979 740 3043 37,10.
761 2991 838 3028 arma
853 2975 980 3029 detracta
991 2977 1105 3046 templis

643 3048 709 3116 post
736 3046 873 3115 proelium
901 3049 970 3116 aput
996 3046 1106 3102 Cannas

644 3122 744 3183 55,15.
774 3116 887 3171 Caesari
906 3117 980 3171 circa
998 3119 1106 3189 templa

644 3187 781 3258 imagines
801 3189 930 3243 decretae
950 3194 1040 3258 154,3

110 3275 246 3314 memores
274 3258 368 3312 factae
392 3259 443 3313 sub
467 3258 498 3313 T.
522 3259 571 3312 ad·
626 3259 829 3329 Tencteri(?)
844 3259 879 3313 de
889 3259 1026 3314 Germano
1039 3277 1105 3330 que-

110 3330 228 3384 finitatis
248 3335 290 3398 27,
307 3336 339 3384 16

90 3417 127 3455 cx
145 3401 258 3456 taxeis
273 3401 419 3455 arboribus
435 3418 572 3455 venenum

643 3331 778 3385 rebantur
788 3335 847 3398 108,
859 3337 882 3386 8.
902 3347 949 3385 001
959 3348 1105 3401 percucur-

643 3401 682 3455 rit
700 3401 806 3455 Drusus
826 3407 885 3471 174,
901 3407 916 3455 5

108 3474 187 3542 apud
219 3472 373 3527 Cantabros
409 3473 573 3542 exprimitur
627 3472 654 3527 C.
688 3472 869 3528 Terentius
901 3474 1007 3528 Varro
1041 3478 1106 3545 post

111 3549 172 3613 rra,
187 3550 203 3597 1

644 3543 755 3599 Cannas
772 3562 834 3599 non
844 3545 1118 3611 111111111181,11
