2436 3826
398 143 598 195 PRAEFATIO
616 144 786 196 EDITORIS
1025 141 1101 196 LVH

91 310 129 369 de
152 308 303 369 industria
324 308 465 368 Lucanus
488 310 519 368 in
541 312 661 383 motique
681 315 744 370 arte
761 310 924 371 correxisse
943 310 1001 369 sibi
1019 305 1103 373 uisus

91 402 147 476 est,
171 398 322 476 quiahoc
344 398 522 458 insidiarum
545 417 652 476 genere
676 399 722 458 illi
744 400 805 459 iam
829 403 919 460 antea
940 399 990 459 usi
1008 403 1102 460 erant.

91 487 219 550 maxime
250 505 321 547 varo
356 487 395 546 ad
421 487 661 565 persuadendum
690 489 863 565 appositum
889 489 921 548 id
948 491 994 548 est
1021 489 1103 566 quod

94 575 230 636 Caesaris
262 576 317 634 illa
349 576 388 634 ad
424 577 656 654 gubernatorem
686 578 852 655 trepidum,
890 578 989 654 qualis
1022 578 1103 653 apud

92 666 216 725 Florum
234 667 282 725 est
299 656 344 746 (ll
365 667 415 741 13,
435 658 500 743 37),
522 665 622 724 brevis
647 668 677 725 et
701 665 806 726 efficax
828 684 886 727 vox
910 668 980 740 quid
1003 667 1105 726 times?

94 754 250 814 Caesarem
267 755 346 812 vebis
365 772 383 811 a
401 753 524 814 Lucano
545 747 587 836 (V
607 756 669 815 577
681 747 740 836 sq.)
763 756 794 814 in
812 754 962 814 tumidam
985 759 1016 814 et
1038 774 1104 815 ver·

91 843 198 904 bosam
229 842 478 903 declamationem
510 842 666 904 dilatatur.
711 844 772 903 iem
804 845 900 922 igitur
927 863 996 904 cum
1024 862 1103 903 eom-

92 933 192 1000 munis
220 933 288 991 fons
311 931 416 992 Livius
445 950 509 991 esse
535 951 596 992 non
623 933 770 1008 potuerit,
802 934 875 1010 quia
901 933 1119 1003 narrationem¹

94 1022 160 1082 eius
183 1024 231 1081 sat
253 1021 352 1079 multa
375 1039 394 1080 a
415 1020 504 1080 Floro
528 1023 559 1082 et
576 1020 699 1082 Lucano
722 1023 812 1081 aliter
829 1022 944 1085 tradita
962 1022 1103 1082 habuisse

93 1100 253 1191 constat1),
285 1109 456 1186 proximum
488 1113 534 1170 est
566 1113 602 1169 ut
634 1110 671 1169 ab
704 1111 759 1170 hoo
792 1112 897 1171 eodem
928 1110 1016 1171 modo
1045 1129 1104 1188 quo

92 1199 237 1260 avunculi
263 1199 418 1258 naturales
447 1198 638 1275 quaestiones
666 1192 841 1281 expilavit²)
872 1201 964 1259 etiam
988 1200 1038 1261 avi
1060 1200 1105 1258 hi-

95 1289 203 1349 storias
235 1287 267 1347 in
298 1306 388 1347 usum
417 1291 539 1348 vocatas
567 1306 631 1348 esse
658 1291 810 1364 putemus.
854 1292 976 1365 poetam
1002 1293 1105 1348 tamen

92 1378 213 1454 saepius
244 1396 336 1454 quam
367 1376 543 1436 historicum
574 1377 612 1436 ab
645 1377 777 1437 auctoris
805 1378 904 1438 verbis
933 1378 1104 1437 discessisse

94 1469 329 1527 consentaneum
352 1468 408 1525 est.
449 1469 583 1525 ceterum
605 1485 665 1524 non
687 1466 720 1525 in
742 1466 878 1525 civilium
900 1470 1021 1526 mutum
1042 1466 1104 1525 bel-

93 1557 193 1615 lorum
221 1554 422 1630 descriptione
444 1553 553 1613 Florus
582 1553 712 1614 Senecae
740 1555 881 1614 historias
908 1554 1031 1616 videtur
1060 1572 1105 1614 se·

94 1649 184 1705 cutus
207 1661 278 1704 esse.
321 1646 455 1704 veterem
478 1643 556 1701 enim
579 1643 667 1701 illum
689 1643 902 1703 historicorum
924 1661 1046 1720 morem,
1070 1646 1108 1702 ut

95 1734 102 1746 '
125 1733 181 1793 itio
210 1733 308 1808 operis
330 1750 377 1792 res
401 1732 551 1790 Romanas
574 1731 643 1790 inde
667 1750 685 1790 a
707 1730 878 1808 primordiis
902 1731 985 1790 urbis
1008 1750 1104 1808 usque

95 1822 134 1882 ad
161 1840 196 1882 ea
223 1825 362 1897 tempora
384 1840 407 1879 a
435 1820 545 1897 quibus
572 1820 706 1896 ipsorum
734 1820 880 1896 prolixior
901 1821 1036 1881 narratio
1059 1820 1105 1879 in-

94 1911 224 1988 cipiebat
256 1910 341 1969 brevi
369 1912 531 1984 conspectu
559 1909 595 1968 ob
627 1910 728 1969 oculos
755 1909 923 1987 legentium
950 1912 1106 1987 ponerent,

96 1999 239 2060 Senecam
254 2017 375 2076 quoque
390 1998 556 2059 servavisse
576 2016 611 2057 ao
629 1998 816 2073 probabilius
836 2002 890 2077 est,
910 1998 991 2076 quod
1008 2001 1105 2058 totam

94 2088 251 2149 historiam
273 2087 380 2164 populi
403 2087 530 2146 Romani
553 2087 585 2145 in
608 2090 724 2147 aetates
747 2087 911 2148 distribuit.
957 2106 1026 2146 oum
1048 2087 1105 2165 igi·

94 2181 147 2238 tur
178 2196 246 2238 eum
278 2178 420 2236 accurate
453 2180 484 2235 et
515 2176 677 2254 diligenter
707 2177 812 2236 relatis
844 2176 932 2236 bellis
965 2176 1104 2237 civilibus

96 2267 259 2344 epitomam
300 2268 491 2325 externorum
531 2265 722 2342 praemisisse
763 2265 1014 2326 verisimillimum
1057 2265 1105 2342 sit,

95 2355 201 2433 quidni
231 2354 369 2429 Florum,
407 2354 518 2430 quippe
556 2355 617 2431 qui,
645 2354 706 2413 iam
742 2353 968 2431 dispositionem
1007 2355 1106 2431 operis

94 2463 181 2505 suam
202 2444 339 2515 fecisset,
367 2443 444 2501 hanc
470 2461 590 2519 quoque
619 2443 767 2518 expilasse
795 2442 989 2502 censeamus?
1033 2462 1105 2504 eave

94 2538 196 2594 tamen
228 2530 389 2592 credideris
423 2550 491 2590 eum
525 2531 603 2589 fonti
629 2531 700 2589 huic
727 2530 870 2606 primario
903 2532 1041 2590 servilem
1073 2533 1105 2590 in

94 2623 217 2682 modum
240 2639 304 2680 sese
328 2620 484 2679 addixisse.
530 2621 586 2678 hoc
615 2620 695 2678 enim
718 2622 748 2678 et
771 2639 789 2679 a
812 2623 922 2678 natura
944 2619 1029 2678 Flori
1052 2621 1106 2678 ali-

97 2731 187 2771 enum
219 2713 297 2788 erat,
330 2727 420 2786 quem
448 2709 603 2786 eleganter
630 2711 661 2768 et
688 2707 785 2766 facete
813 2708 941 2767 scribere
969 2709 1104 2785 potuisse

95 2800 240 2875 imprimis
263 2800 467 2876 fragmentum
490 2796 604 2874 dialogi
622 2798 657 2856 de
681 2796 805 2870 Vergilio
824 2801 937 2856 oratore
960 2815 1001 2856 aa
1017 2801 1106 2870 pocta

97 2888 191 2967 docet,
214 2906 312 2965 neque
335 2906 412 2964 quae
432 2886 485 2945 alii
503 2885 641 2944 dixerant
659 2886 697 2944 ed
716 2885 841 2946 verbum
859 2904 948 2945 suum
966 2886 997 2944 in
1016 2903 1106 2944 usum

166 3098 192 3164 1)
215 3093 247 3148 G.
271 3091 388 3146 Baianus
416 3090 446 3144 in
474 3088 672 3144 dissertatione
695 3088 910 3144 Vratislavienei
940 3090 1007 3144 anni
1037 3096 1106 3145 1874
1161 3143 1164 3149 .

96 3167 148 3222 ‘De
166 3164 246 3220 Livio
270 3162 377 3217 Lucani
400 3161 430 3216 in
453 3160 576 3216 carmine
601 3160 635 3214 de
658 3159 733 3214 bello
757 3160 835 3214 civili
858 3163 982 3216 auctore'
1009 3162 1045 3216 ab
1068 3161 1106 3215 iis

93 3241 154 3294 stat
190 3235 221 3290 ui
238 3235 383 3289 Lucanum
400 3232 514 3286 unicum
528 3230 602 3285 Livii
620 3233 763 3286 auctorem
780 3234 891 3301 putant,
911 3233 961 3286 sed
978 3251 1005 3302 p.
1020 3238 1054 3286 41
1064 3250 1105 3301 sq.

92 3309 145 3364 illa
163 3326 181 3364 a
202 3309 245 3363 ert
263 3305 366 3375 quibus
384 3304 459 3359 inter
477 3321 506 3358 se
526 3301 704 3357 dissentiunt.

165 3381 192 3451 2)
215 3380 268 3433 hoo
297 3375 501 3431 demonstravit
528 3374 562 3429 H.
581 3372 703 3427 Dielsius
731 3372 762 3426 in
791 3373 1040 3442 ‘Abhandlnngeu
1062 3375 1117 3448 uer

92 3452 185 3508 Akad.
209 3451 259 3505 der
276 3447 447 3503 Wisseneoh.
467 3464 501 3501 zu
520 3444 625 3502 Berlin’
653 3444 726 3502 anisi
741 3449 817 3501 ibbo
836 3444 925 3500 class.
937 3439 1143 3511 punctu-*nusu-

88 3523 132 3578 m
144 3541 171 3592 p.
189 3528 248 3590 Isq.
