2436 3826
472 177 498 247 1,
519 181 560 233 rs.
582 182 613 230 1r
634 178 768 246 (ar-ae).
1082 113 1131 238 '39

116 361 176 422 que
201 351 346 405 certatum
369 353 428 427 est,
454 345 527 405 adeo
551 351 584 404 ut
607 342 720 403 relictis
744 342 865 403 sedibus
889 341 1080 402 solitudinem
1104 348 1134 401 et

116 434 274 493 interitum
296 436 409 512 patriae
435 452 504 494 suae
528 435 700 492 minaretur.

185 521 284 581 Prima
312 522 461 582 discordia
489 521 526 582 ob
550 523 745 600 inpotentiam
769 520 977 581 feneratorum.
1025 511 1186 596 quibus23

118 611 152 668 in
175 616 258 688 terga
277 629 395 689 quoque
415 610 563 671 serviliter
582 609 791 690 saevientibus,
814 612 846 668 in
865 627 984 670 sacrum
1002 612 1133 667 montem

91 696 205 776 splebs
234 705 345 760 armata
368 702 498 760 ‘secessit
527 716 688 778 aegreque,
715 717 771 758 nec
799 700 858 757 nisi
881 697 1017 758 tribunos
1041 698 1134 774 impe-

119 793 237 867 trasset,
260 787 378 848 Meneni
397 787 551 867 Agrippae,
574 787 694 847 facundi
713 794 743 847 et
762 789 904 865 sapientis
923 788 989 866 viri,
1008 786 1134 845 auctori-

119 881 182 935 tate
213 883 349 937 revocata
381 884 435 937 est.
482 883 562 936 extat
595 878 736 936 orationis
765 877 902 954 antiquae
931 877 1003 935 satis
1031 874 1169 934 efficaxa

122 963 158 1023 ad
186 965 374 1025 concordiam
403 964 514 1045 fabula,
543 983 600 1043 qua
628 965 789 1026 dissedisse
819 964 967 1043 quondam
990 963 1135 1023 humanos

122 1051 197 1112 dixit
221 1060 312 1134 artus,
336 1053 415 1132 quod
439 1053 577 1113 omnibus
601 1071 690 1132 opere
715 1053 907 1132 iungentibus
932 1051 1013 1113 solus
1032 1058 1136 1112 venter

80 1162 108 1203 ιο
122 1142 254 1202 inmunis
278 1149 391 1223 ageret3
415 1142 522 1202 deinde
545 1141 740 1202 moribundos
764 1161 798 1202 ea
818 1145 1002 1203 seiunctione
1021 1141 1136 1201 redisse

122 1231 154 1288 in
183 1233 320 1312 gratiam,
350 1232 466 1310 quando
497 1233 662 1291 sensissent
690 1221 768 1309 quod
797 1233 861 1290 eius
891 1249 979 1311 opera
1007 1229 1135 1289 redactis

122 1319 155 1377 in
179 1322 353 1398 sanguinem
377 1319 453 1380 cibis
476 1321 685 1397 inrigarentur.

192 1407 358 1468 Secundam
392 1411 423 1468 in
455 1408 529 1468 urbe
562 1408 661 1468 media
694 1408 910 1469 decemviratus
942 1406 1034 1466 libido
1067 1399 1191 1465 con-24

123 1494 212 1555 davit.
250 1496 351 1557 allatas
370 1497 523 1557 aGraecia
543 1495 623 1575 leges
645 1497 748 1556 decem
765 1499 916 1575 principes
931 1495 1000 1555 lecti
1015 1493 1136 1554 iubente

82 1605 110 1645 15
124 1583 234 1662 populo
262 1588 515 1666 conscripserant,
543 1585 736 1664 ordinataque
764 1591 828 1644 erat
854 1587 886 1644 in
914 1583 1071 1643 duodecim
1093 1589 1136 1641 ta-

124 1670 204 1733 bulis
223 1680 285 1733 tota
303 1676 425 1755 iustitia,
445 1692 513 1741 cum
531 1681 631 1734 tamen
649 1674 774 1734 traditos
793 1674 889 1732 fasces
908 1674 990 1749 regio
1010 1671 1137 1749 quodam

125 1760 226 1821 lurore
245 1763 421 1823 retinebant.
455 1770 522 1822 ante
542 1753 656 1822 ceteros
670 1762 783 1841 Appius
803 1780 837 1821 eo
853 1760 1027 1821 insolentiae
1043 1758 1137 1819 elatus
1157 1772 1172 1820 a

126 1856 171 1909 est
203 1858 237 1910 ut
269 1853 428 1930 ingenuam
456 1853 601 1929 virginem
631 1858 733 1929 stupro
763 1851 938 1929 destinaret,
971 1848 1080 1908 oblitus
1109 1855 1139 1908 et

125 1936 281 1999 Lucretiae
301 1947 331 2000 et
348 1959 453 2019 regum
473 1948 503 2000 et
521 1942 595 2000 iuris
615 1940 694 2018 quod
713 1942 777 2019 ipse
797 1945 1002 2018 conposuerat.
1037 1939 1138 2015 itaque
1157 1951 1173 1998 3

83 2049 110 2088 ao
126 2045 192 2086 cum
222 2045 394 2107 oppressam
421 2029 532 2089 iudicio
560 2029 651 2096 filiam
673 2029 751 2090 trahi
774 2031 805 2088 in
829 2031 1003 2088 servitutem
1025 2026 1138 2086 videret

127 2114 277 2194 Virginius
304 2125 401 2197 pater,
430 2117 505 2177 nihil
529 2125 684 2179 cunctatus
708 2121 740 2178 in
762 2117 861 2177 medio
885 2117 949 2177 loro
973 2134 1062 2176 manu
1086 2132 1145 2174 sua·

126 2205 286 2285 interiecit,
309 2206 495 2285 admotisque
519 2209 613 2285 signis
637 2206 872 2268 commilitonum
892 2204 1138 2287 1111111111ωά0-

125 2295 318 2354 minationem
351 2294 503 2355 obsessam
536 2299 625 2356 armis
656 2299 687 2355 in
715 2314 866 2356 carcerem
899 2303 928 2355 et
955 2303 1075 2354 catenas
1102 2291 1138 2352 ab

125 2382 269 2443 Aventino
294 2391 393 2443 monte
417 2383 553 2444 detraxit.

197 2558 213 2604 3
232 2551 391 2622 inpotentia
409 2555 437 2608 Β
459 2554 496 2608 ab
515 2553 673 2624 inpotentia
688 2555 820 2610 Halmius
842 2556 850 2621 11
874 2558 889 2606 5
908 2553 989 2623 pleps
1003 2554 1036 2607 N
1059 2556 1063 2622 1
1088 2552 1140 2605 irn-

124 2625 265 2692 petrassot
284 2626 377 2693 (prius
396 2627 425 2678 et
442 2642 530 2694 supro
547 2643 654 2681 persam
671 2644 705 2680 m.
725 2629 753 2694 1)
773 2625 807 2678 N
821 2626 830 2692 11
851 2629 866 2677 6
885 2623 1017 2691 menegni
1035 2623 1140 2692 11111-

126 2695 218 2747 cunda
237 2695 265 2748 Β
286 2699 296 2764 11
320 2703 334 2750 7
355 2695 488 2767 exstatlto
507 2695 625 2750 rationis
646 2699 765 2765 (tertiam
783 2696 796 2748 t
814 2697 951 2762 erepmmit
968 2702 993 2749 et
1012 2710 1028 2746 o
1047 2711 1108 2748 cam
1126 2711 1140 2746 r

125 2767 323 2821 coniunctim.
342 2772 368 2835 2,
387 2775 419 2822 at
437 2769 556 2835 mdetm)
574 2768 608 2820 N
626 2771 635 2837 11
659 2771 675 2819 8
694 2767 785 2820 adeon
808 2764 986 2819 concordiam
1005 2765 1039 2818 N
1059 2767 1063 2831 1
1088 2763 1140 2816 hu-

125 2851 209 2889 mano
228 2839 252 2906 (s
272 2839 335 2892 add.
356 2856 389 2892 m.
409 2840 438 2907 1)
456 2838 484 2891 Β
501 2837 625 2906 (intense
645 2845 708 2892 arete
726 2837 868 2905 quondam
887 2838 950 2891 add.
972 2836 995 2889 O
1014 2841 1023 2895 ΙΙ
1043 2841 1058 2887 9
1077 2833 1140 2887 fun-

125 2907 258 2976 gentibus
278 2909 372 2978 (prior
385 2927 405 2961 n
418 2915 540 2964 correcta
554 2927 588 2964 erc
601 2910 626 2979 r)
639 2909 667 2962 Β
681 2911 689 2976 1
705 2913 738 2961 10
752 2907 885 2960 immunis
902 2907 924 2962 Ο
936 2907 942 2988 1
957 2904 1139 2959 moribundos

126 2981 275 3047 (posterior
293 2996 309 3033 o
328 2987 448 3034 correcta
467 2997 501 3035 ex
518 2980 660 3049 111Β1ο1
679 2979 865 3050 seiunctione]
885 2976 1076 3032 aserunetiono
1098 2975 1141 3047 011

127 3054 161 3102 13
181 3049 386 3104 decemiuratus
406 3051 455 3118 L(
470 3056 504 3104 14
523 3050 627 3104 allatas
647 3052 738 3119 (prior
756 3049 767 3102 l
785 3067 872 3119 supro
889 3066 995 3105 uersum
1012 3066 1046 3102 m.
1066 3049 1093 3115 1)
1112 3047 1140 3100 Β

125 3120 217 3174 allata
233 3121 260 3174 L
273 3124 282 3188 11
297 3125 330 3173 15
350 3121 574 3190 conscripserant
592 3124 780 3190 (posteriorem
799 3138 811 3174 s
830 3122 927 3175 delerit
944 3137 978 3174 m.
994 3121 1022 3186 11
1040 3118 1068 3171 Β
1082 3119 1091 3187 11
1106 3123 1139 3171 16

125 3209 190 3246 cum
208 3193 240 3245 ire
258 3209 345 3259 quum
362 3194 538 3248 111111111Β1
561 3195 565 3261 1
588 3191 716 3246 traditor.
736 3192 763 3245 L
785 3195 795 3260 1
818 3197 851 3246 11
871 3191 970 3260 appias
988 3193 1020 3244 ire
1039 3187 1140 3258 appius

125 3265 245 3319 eorreait
258 3263 286 3316 Β
302 3266 306 3332 1
322 3263 490 3318 insolentiae
510 3266 695 3333 (posteriorem
715 3280 729 3317 e
748 3264 832 3318 erosit
844 3281 879 3317 m.
893 3265 922 3331 1)
936 3262 964 3315 Β
977 3262 987 3330 11
1001 3265 1034 3314 18
1054 3259 1140 3313 clitus

125 3337 150 3404 (s
168 3350 256 3403 supra
272 3337 389 3403 persam)
408 3337 434 3388 Β
451 3336 455 3404 1
471 3352 568 3405 regum
588 3336 611 3404 (r
628 3337 659 3389 ia
677 3335 689 3388 l
706 3337 824 3390 mutauit
840 3351 874 3387 m.
895 3334 921 3402 1)
940 3333 968 3386 Β
986 3334 995 3399 11
1014 3335 1047 3384 19
1067 3347 1140 3384 com-

123 3406 259 3476 posuerat
277 3404 304 3457 L
326 3409 335 3472 11
358 3411 393 3458 20
416 3422 480 3459 cum
502 3409 534 3461 ire
556 3424 643 3475 quum
664 3408 782 3462 mutauit
800 3406 840 3459 B1
866 3409 870 3471 1
895 3402 998 3456 mirabi
1016 3405 1047 3457 irc
1064 3399 1141 3454 trahi

124 3478 245 3533 correrii
262 3475 296 3528 N
300 3476 309 3507 ²
327 3481 337 3546 11
355 3481 389 3529 21
409 3477 528 3548 uirginis
547 3478 574 3531 L
590 3480 595 3548 (
609 3494 698 3532 manu
714 3479 793 3549 (post
808 3494 833 3530 n
850 3492 934 3532 eroso
952 3482 992 3528 est
1008 3476 1039 3538 ab
1050 3473 1162 3532 ΒΨ*

125 3550 240 3603 catenas
259 3549 442 3617 (posteriora
461 3559 587 3609 correcto
606 3570 639 3609 ea
658 3551 682 3626 ’11
703 3553 729 3608 L
