2436 3826
441 143 642 195 PRAEFATIO
661 144 832 195 EDITORIS
1068 141 1142 196 XLV

198 309 293 380 Quem
315 310 440 369 Florum
467 329 528 369 non
554 309 706 370 diversum
735 329 798 370 esse
826 311 863 369 ab
888 311 1022 369 eiusdem
1045 311 1141 369 nomi-

129 399 177 459 nis
195 403 286 475 poeta
305 402 336 458 et
354 397 502 456 Hadriani
523 399 628 475 amico,
652 399 739 457 cuius
763 417 866 458 versus
885 400 1046 458 nonnullos
1065 399 1141 458 Oba-

129 488 218 547 risius
248 487 427 564 Spartianus
460 487 637 564 anthologia
664 487 775 546 Latina
806 492 1019 565 servaverunt,
1052 490 1142 547 multi

131 576 341 654 opinabantur.
392 595 576 653 quamquam
613 576 692 634 enim
725 575 878 636 Charisius
913 597 982 636 eum
1008 574 1143 636 Aonium

130 666 305 742 appellavit,
328 668 435 724 notum
456 670 502 723 est
524 684 594 724 cum
612 665 734 723 aliunde
757 669 823 725 tum
847 685 883 725 ex
901 666 934 724 L.
953 665 1071 725 Annaei
1090 665 1142 724 Se-

131 773 223 814 necae
247 754 399 813 codicibus
428 773 519 831 quam
546 772 635 830 saepe
658 754 713 812 hoc
736 769 936 815 nomen'cum
960 755 1052 813 simili
1075 773 1143 814 oon·

130 845 232 902 fusum
255 843 303 902 sit.
349 862 438 919 porro
463 843 612 919 epitomae
636 861 731 920 genus
755 844 871 903 dicendi
894 845 1047 919 poeticum
1070 843 1141 902 huic

131 932 299 992 sententiae
332 932 420 992 valde
452 933 543 991 favet.
594 932 645 991 sed
676 932 799 992 invento
830 952 848 991 a
876 933 929 992 Th.
954 931 1082 992 Oehlero
1110 933 1142 991 in

131 1021 233 1080 codice
251 1021 441 1080 Bruxellensi
461 1023 568 1081 10677
588 1021 700 1080 saeculi
719 1021 888 1081 duodecimi
905 1023 1059 1098 prooemio
1078 1021 1141 1080 dia·

129 1102 234 1192 logil),
263 1110 316 1187 qui
341 1111 375 1168 P.
393 1107 488 1168 Accii
510 1110 597 1169 Fieri
625 1110 769 1184 Vergilius
795 1115 893 1170 orator
920 1129 961 1169 oso
981 1116 1070 1184 poeto
1096 1111 1141 1169 in·

130 1199 273 1258 scribitur
291 1202 322 1258 et
340 1219 358 1256 a
376 1199 408 1258 F.
424 1199 589 1258 Ritsohelio
609 1193 715 1258 ‘musei
733 1194 882 1258 Rhenaui'
901 1220 930 1261 n.
949 1219 971 1259 s.
991 1200 1006 1257 I
1025 1191 1140 1280 (1842)

85 1307 87 1312 ’
130 1308 159 1364 p.
179 1290 242 1347 302
255 1307 298 1365 sq.
329 1289 461 1364 primum
494 1289 593 1347 editus
621 1291 682 1360 est,
714 1289 918 1348 dubitationes
945 1288 1017 1350 viris
1045 1289 1141 1347 doctis

131 1376 254 1436 obortae
292 1380 370 1436 suut.
423 1396 492 1436 nam
530 1377 648 1436 etiamsi
680 1378 760 1436 hunc
793 1379 984 1454 scriptorem,
1021 1378 1075 1454 qui
1111 1396 1141 1436 se

129 1485 258 1542 puerum
292 1466 323 1524 in
354 1466 434 1524 ludis
463 1464 642 1541 Capitolinis
674 1485 692 1524 a
723 1467 896 1526 Domitiano
928 1466 1078 1526 institutis
1105 1467 1141 1525 de

131 1555 265 1630 praemio
290 1554 451 1614 certavisse
473 1558 578 1614 narrat
602 1558 632 1614 et
650 1555 773 1614 Traiani
791 1556 936 1614 Dacicum
954 1555 1142 1632 triumphum

129 1646 286 1720 memorat,
310 1644 437 1702 eundem
460 1646 553 1719 atque
575 1647 697 1719 poetam
720 1663 783 1704 esse
806 1663 917 1721 negare
940 1664 999 1702 non
1021 1643 1141 1721 licebat,

128 1733 285 1791 nominum
319 1732 479 1793 diversitas
497 1731 663 1791 ‘efficiebat
694 1735 730 1791 ut
762 1733 895 1809 epitoma
926 1733 1015 1792 alteri
1050 1733 1141 1793 Floro

131 1821 184 1898 qui
206 1840 260 1880 neo
280 1822 435 1899 dialogum
463 1840 517 1880 nec
544 1821 677 1880 carmina
704 1822 921 1898 composuisset
948 1823 1141 1883 tribueretur.

130 1913 265 1969 attamen
293 1911 382 1969 nimis
409 1928 525 1969 morose
553 1911 679 1970 Iahnius
706 1903 749 1992 (p.
768 1903 864 1994 XLV)
888 1930 938 1971 eos
960 1911 1142 1971 temeritatis

128 1999 317 2058 insimulavit
337 1999 390 2076 qui
408 1999 440 2058 P.
459 1999 593 2058 Annium
617 2003 648 2059 et
665 1999 698 2059 L.
717 2000 877 2059 Annaeum
900 1995 1017 2060 ‘contra
1040 2019 1141 2060 omnes

130 2081 235 2147 libros'
259 2089 385 2147 eundem
408 2088 559 2147 hominem
584 2107 648 2148 esse
667 2091 890 2151 contenderent.
922 2109 1013 2167 quam
1031 2091 1142 2168 exigua

130 2177 210 2244 enim
237 2177 347 2236 codicis
370 2177 575 2237 Bruxellensis
601 2179 721 2238 saeculo
745 2179 919 2238 duodecimo
947 2181 1143 2257 neglegenter

131 2265 247 2324 exarati
282 2266 313 2324 in
350 2267 505 2342 scriptoris
537 2268 657 2326 nomine
690 2267 870 2328 stabiliendo
903 2269 1069 2328 auctoritas
1101 2269 1142 2327 sit

127 2354 219 2434 'facile
243 2355 432 2431 perspicitur,
455 2357 633 2432 praesertim
657 2375 725 2415 oum
747 2356 779 2415 in
804 2357 938 2416 eiusdem
961 2358 1070 2416 aetatis
1089 2357 1142 2416 Se·

130 2461 222 2502 necae
241 2442 298 2502 filii
317 2444 468 2503 codicibus
487 2445 577 2504 huius
596 2464 713 2521 nomen,
735 2445 771 2504 de
791 2465 851 2522 quo
871 2445 1005 2505 dubitari
1027 2447 1141 2524 nequit,

130 2532 162 2590 in
180 2531 298 2592 Annius
321 2533 495 2609 frequenter
518 2537 695 2610 corruptum
716 2534 764 2595 sit.
811 2535 918 2593 deinde
941 2555 1012 2596 vero
1036 2554 1141 2612 quam·

130 2639 221 2697 quam
249 2621 282 2679 in
310 2622 535 2698 quaestionibus
563 2622 600 2680 de
627 2623 816 2700 homonymis
843 2623 1038 2682 instituendis
1062 2643 1142 2683 sum-

130 2805 319 2877 (Montpellier
338 2811 417 2879 1871)
441 2810 470 2862 et
492 2808 541 2877 qui
564 2808 639 2878 fugit
656 2808 799 2864 Huebneri
818 2808 1002 2878 Teuffeliique
1022 2808 1142 2879 diligen-

129 2875 214 2946 tiam,
241 2878 394 2948 epitomam
421 2897 438 2934 a
464 2879 547 2934 Floro
576 2880 760 2950 compositam
788 2897 848 2935 esse
875 2880 967 2950 magis
996 2880 1142 2935 contendit

131 2965 216 3016 quam
239 2950 439 3020 comprobavit.
472 2969 539 3005 nam
561 2949 627 3004 Iulii
649 2969 751 3006 nomen
774 2951 834 3007 solo
852 2951 875 3004 B
898 2951 1035 3006 traditum
1057 2951 1141 3005 nimis

129 3019 232 3088 pressit
255 3023 284 3074 et
306 3021 378 3075 mira
401 3021 583 3092 computandi
606 3021 715 3078 ratione
737 3029 796 3093 p.8
819 3041 886 3077 usus
905 3027 961 3092 est,
984 3022 1035 3076 nbi
1058 3022 1140 3078 dicit:

131 3092 193 3160 ‘pas
220 3094 360 3162 beaucoup
385 3096 473 3148 moues
500 3095 533 3148 dc
559 3097 616 3149 200
643 3097 704 3149 ans'
731 3112 772 3149 ces
796 3101 891 3150 termes
914 3096 1054 3166 signifieat
1076 3111 1142 3150 scos

128 3164 209 3218 doute
227 3167 282 3218 190
300 3182 360 3230 aaa,
378 3181 414 3218 oc
431 3167 457 3218 sc'
475 3167 530 3220 l'oa
547 3172 609 3220 nect
627 3166 660 3219 dc
677 3169 733 3220 185
751 3168 770 3221 rt
787 3171 850 3222 190.

202 3236 228 3304 7)
252 3251 315 3287 oum
338 3234 452 3288 Iahnius
476 3235 573 3304 (praef.
598 3254 625 3304 p.
646 3236 756 3306 XLHH)
780 3253 814 3290 ex
838 3235 977 3305 Sohopeni
1000 3235 1141 3291 sententia

130 3320 193 3358 eam
220 3305 437 3374 ‘praefationem
464 3306 704 3361 declamatoriam'
733 3308 905 3377 putavisset,
934 3324 1019 3376 quam
1040 3307 1140 3362 Florus

130 3375 301 3430 carminibus
321 3376 378 3430 suis
397 3378 600 3446 praemisisset,
625 3378 682 3432 iam
700 3378 793 3432 verius
813 3381 849 3434 ob
868 3379 949 3433 Flori
964 3397 1037 3431 cum
1054 3378 1156 3428 am

128 3445 244 3502 Raetico
273 3447 445 3517 colloquium
474 3449 607 3522 dialogus
630 3449 819 3522 agnoseitur,
840 3439 1183 3505 suessa-somam

127 3516 223 3573 RLG⁶
236 3536 264 3590 p.
280 3525 331 3577 881
352 3523 382 3578 et
400 3521 433 3579 R.
449 3522 550 3582 Hirnel
567 3524 634 3581 ‘der
650 3524 775 3595 Dialog*
794 3523 835 3577 ll
847 3541 882 3592 p.
894 3525 996 3581 bhsv„-
