2436 3826
143 182 186 246 26
505 183 616 236 FLORI
634 183 794 258 ΕΒΙΤΟΜΑ

93 361 126 410 19
146 348 264 426 obruta,
282 347 349 432 ¹sed
369 349 497 433 ‚expiata
528 349 628 426 potius
661 355 691 408 et
722 346 845 408 lustrata
875 343 1032 408 videatur?
1065 350 1160 426 igitur

144 445 212 516 post
230 436 377 497 adsertam
396 455 412 495 a
431 435 548 516 Manlio,
569 438 736 496 restitutam
756 455 771 495 a
791 435 913 497 Camillo
932 435 1037 523 urbem
1057 431 1160 497 aerius

143 528 232 587 etiam
254 525 518 604 vehementiusque
543 527 573 584 in
597 525 739 584 finitimos
763 527 936 586 resurrexit.

440 773 511 833 Vlll.
545 772 665 833 BELLA
688 772 854 835 GALLICA.
920 858 923 862 Ι

209 915 250 976 Ao
272 917 402 993 primum
427 917 559 975 omnium
583 913 663 974 illam
683 917 778 994 ipsam
794 914 939 976 ‚Gallicam
957 922 1077 993 gentem
1095 933 1158 975 non
1185 938 1199 979 s

144 1011 300 1065 contentus
328 1003 485 1064 moenibus
501 999 671 1084 expulisse,
697 1022 766 1078 eum
789 1022 844 1083 per
866 1003 980 1064 ltaliam
1002 1004 1158 1082 naufragia

144 1111 197 1153 sua
224 1090 312 1151 latius
340 1092 506 1172 traherent,
530 1094 573 1152 sie
596 1100 771 1172 persecutus
796 1082 841 1153 est
865 1092 940 1153 duee
964 1088 1100 1173 Camillo,
1124 1099 1159 1153 ut

88 1195 125 1245 20
143 1181 231 1241 hodie
270 1180 350 1241 nulla
388 1181 539 1241 Senonum
574 1183 698 1259 vestigia
736 1183 895 1261 supersint.
949 1180 1041 1242 semel
1078 1181 1158 1260 apud

98 1268 104 1280 '
143 1269 286 1329 Anienem
305 1269 454 1350 trucidati,
473 1288 540 1330 eum
558 1268 700 1348 singulari
716 1272 877 1331 certamine
891 1269 1016 1330 Manlius
1031 1288 1158 1331 aureum

142 1366 293 1436 torquem.
315 1358 440 1418 barbaro
477 1360 556 1418 inter
588 1357 681 1437 spolia
714 1358 855 1439 detraxit,
892 1359 970 1418 unde
1003 1358 1157 1437 Torquati.
1172 1379 1200 1420 ro

143 1449 253 1508 iterum
274 1447 430 1527 Pomptino
459 1465 543 1527 agro,
571 1466 638 1508 oum
663 1450 694 1506 in
718 1446 808 1507 simili
831 1465 930 1526 pugna
953 1446 1087 1508 Valerius
1101 1443 1158 1508 ¹in·

143 1535 257 1596 sidente
290 1535 390 1614 galeae
422 1554 506 1595 saera
538 1534 607 1597 alite
640 1535 757 1596 adiutus
787 1535 861 1614 ,tulit
893 1535 987 1615 spolia
1024 1543 1053 1596 et
1086 1536 1157 1596 inde

89 1624 270 1689 21Corvini.
316 1643 372 1685 nee
398 1642 459 1684 non
486 1632 585 1685 tamen
612 1632 680 1703 post
707 1624 820 1703 aliquot
847 1643 939 1694 annos
966 1626 1062 1684 omnis
1087 1624 1158 1685 reli-

144 1716 227 1792 quias
260 1731 362 1774 eorum
396 1716 427 1772 in
457 1713 577 1773 Etruria
609 1712 645 1772 ad
678 1711 773 1773 laeum
804 1707 974 1773 Vadimonis
1007 1711 1158 1774 Dolabella

142 1802 263 1883 delevit,
291 1820 328 1862 ne
358 1805 425 1881 quis
449 1808 563 1862 extaret
586 1820 622 1861 ex
646 1810 680 1862 ea
704 1808 805 1882 gente,
832 1803 883 1879 qui
906 1803 1059 1862 incensam
1082 1808 1099 1860 a
1124 1819 1156 1863 se
1172 1821 1198 1863 1⁵

141 1890 302 1951 Romanam
324 1889 431 1950 urbem
454 1889 638 1968 gloriaretur.

212 2115 233 2167 1
249 2120 261 2166 1
277 2115 424 2183 pastorum
437 2112 580 2181 quondam
594 2129 660 2167 ensa
673 2113 750 2167 urbis
765 2113 868 2168 enituit
873 2119 937 2182 post
945 2112 1033 2184 igitur
1043 2114 1107 2168 odd.
1119 2115 1141 2168 I
1150 2112 1160 2186 11

142 2190 157 2237 2
177 2185 315 2238 assertam
334 2184 387 2236 LI
403 2187 407 2252 1
428 2181 535 2237 amillio
555 2184 582 2237 Β
601 2200 619 2237 a
636 2183 753 2239 manilio
773 2185 807 2239 N
822 2201 839 2238 a
857 2183 963 2238 manlio
981 2185 1008 2238 L
1029 2185 1032 2252 1
1053 2183 1158 2238 faeiem

105 2263 110 2271 '
139 2262 202 2325 post
223 2253 329 2308 manlio
353 2256 415 2310 odd.
440 2256 462 2308 I
482 2257 486 2321 Ι
510 2254 672 2309 restitutam
694 2257 737 2325 (tu
758 2273 845 2326 snpra
863 2272 969 2310 uersum
986 2272 1020 2310 m.
1039 2256 1110 2325 eod.)
1131 2255 1159 2308 L

87 2333 91 2339 ⁴
141 2342 358 2411 restitutamque
371 2344 394 2397 I
402 2346 411 2412 l
426 2347 441 2395 3
460 2327 688 2412 utementiusque
702 2346 841 2414 (spiritum
859 2344 923 2398 odd.
938 2362 972 2398 m.
987 2345 1014 2412 1)
1029 2345 1057 2397 Β
1074 2345 1078 2412 1
1094 2342 1157 2396 fini·

142 2431 202 2468 mos
220 2415 248 2468 Β
270 2416 280 2483 11
303 2421 319 2466 5
338 2413 379 2466 Ae
392 2445 428 2454 —
441 2416 554 2484 gentem
576 2432 626 2469 om.
651 2417 688 2484 Ι1
703 2431 755 2468 nee
775 2417 872 2469 tamen
890 2413 1016 2468 contenti
1034 2413 1158 2468 Romani

42 2537 45 2540 ,
144 2484 202 2538 suis
225 2501 272 2539 eos
295 2485 442 2539 moenibus
467 2485 606 2554 expulisse
627 2487 648 2538 Ι
667 2489 677 2555 11
701 2493 717 2540 6
739 2485 886 2540 moenibus
906 2485 934 2554 (b
952 2502 987 2539 ex
1005 2486 1018 2538 t
1036 2492 1158 2540 correcte

142 2575 176 2611 ro.
196 2558 222 2625 1)
240 2557 268 2609 Β
288 2558 293 2624 1
317 2573 380 2610 eum
397 2559 429 2611 in
447 2574 533 2625 quum
551 2559 669 2612 mutarit
687 2558 728 2611 B¹
745 2558 748 2625 1
764 2555 945 2626 nonnagiem
963 2559 1002 2624 (m
1020 2557 1158 2625 expremit

141 2645 176 2682 m.
196 2632 211 2680 1
235 2633 260 2681 et
278 2634 414 2696 punctum
437 2629 508 2697 qnod
522 2629 606 2694 'infra
622 2644 642 2681 a
657 2635 787 2697 posuerat
805 2628 912 2698 deleuit)
931 2626 965 2680 N
982 2628 992 2695 11
1017 2628 1158 2681 ittaeret

141 2701 173 2752 ire
191 2700 317 2752 traerent
334 2701 452 2754 mutavit
470 2699 511 2752 Bl
529 2699 654 2752 traheret
673 2699 714 2767 01
730 2697 869 2767 persecuti
889 2698 954 2752 sunt
966 2699 989 2751 Ι
1000 2702 1004 2765 1
1020 2697 1158 2752 ductante

141 2771 164 2824 I
181 2772 189 2839 11
210 2775 225 2823 8
246 2769 328 2823 odiae
347 2770 384 2837 Ι1
401 2785 430 2823 se
448 2786 554 2824 nouum
572 2770 600 2823 B
618 2785 754 2824 senonum
772 2770 813 2823 Β1
829 2771 833 2838 1
849 2767 966 2838 fastigia
983 2770 1015 2822 in
1033 2768 1159 2839 uestigia

140 2843 258 2895 metavit
275 2841 302 2894 Β
328 2845 332 2904 1
357 2840 433 2910 apud
456 2839 486 2908 (d
508 2847 628 2903 correpto
650 2858 684 2895 ex
706 2842 730 2909 t)
749 2842 776 2895 Β
800 2842 870 2911 aput
888 2840 922 2894 N
940 2841 949 2908 11
973 2843 988 2892 9
1008 2841 1075 2893 sunt
1093 2846 1159 2908 poet

142 2911 278 2966 trucidati
305 2913 368 2966 odd.
393 2912 420 2965 L
445 2912 449 2979 1
474 2909 674 2965 trucidatieum
702 2911 849 2980 (trucidati
875 2918 900 2967 et
928 2928 992 2966 eum
1017 2913 1159 2979 separauit

141 3000 175 3037 ru.
196 2989 212 3037 1
231 2999 249 3036 a
267 2999 353 3051 supro
367 2984 545 3051 posteriorem
563 3000 581 3035 u
599 2985 691 3052 erosit,
711 2999 726 3035 e
744 2984 860 3048 sonasse
878 3000 912 3038 er
928 2983 1091 3054 georresit)
1105 2982 1136 3037 Β
1152 2981 1156 3043 Ι

142 3070 259 3107 aureum
282 3055 310 3121 (a
333 3071 419 3122 supro
439 3055 615 3135 posteriorem
637 3070 656 3106 u
675 3056 771 3122 posuit
788 3072 823 3109 m.
842 3056 871 3122 2)
890 3054 924 3108 N
942 3056 951 3123 11
974 3058 1008 3106 10
1026 3051 1094 3106 inde
1115 3052 1157 3125 01

142 3127 171 3178 et
188 3125 337 3193 torquatus
357 3126 400 3178 est
418 3124 511 3178 duatus
525 3126 547 3178 I
555 3126 564 3194 11
580 3130 611 3177 11
631 3124 748 3194 pontino
764 3125 790 3177 L
806 3127 810 3194 1
828 3125 870 3178 ·l·
887 3123 1009 3179 ualerius
1026 3123 1067 3184 Gt
1083 3123 1160 3178 inse-

111 3249 115 3256 ,
142 3198 244 3264 quente
263 3197 290 3250 L
303 3197 313 3265 11
328 3201 360 3248 12
380 3194 487 3265 galaeae
507 3197 663 3264 (seeundum
682 3213 699 3249 o
718 3199 854 3264 sapuere
871 3214 904 3250 m.
922 3199 948 3266 1)
968 3195 1001 3249 N
1015 3193 1094 3264 gallo
1109 3194 1157 3267 Ll

142 3265 253 3320 rettulit
271 3266 328 3320 NI
341 3266 440 3320 retulit
458 3268 492 3334 L,
512 3268 546 3334 ef.
558 3285 587 3336 p.
603 3272 652 3333 23,
665 3272 701 3322 15
718 3267 851 3336 {atinde
869 3265 1160 3391 eoruiniqddietusque

143 3339 186 3391 est
204 3337 265 3406 ipse
284 3337 415 3391 corninus
434 3340 456 3393 I
473 3340 482 3407 11
506 3343 538 3391 13
559 3337 678 3392 coruinii
696 3338 731 3392 N
743 3342 747 3406 1
763 3355 815 3392 nee
832 3354 889 3392 non
907 3356 957 3393 om.
1041 3335 1161 3405 aliquod

143 3408 210 3463 AN
222 3410 226 3476 1
243 3424 338 3462 omnes
360 3409 408 3463 01
420 3411 429 3478 11
449 3415 483 3462 14
501 3408 637 3464 etruriam
655 3410 689 3463 N
701 3411 710 3481 1
722 3409 790 3463 uadi
807 3408 967 3478 montis‘Il
983 3340 1062 3462 doAle
1080 3407 1161 3464 belle

138 3481 171 3530 ie
189 3478 334 3532 dolabella
352 3483 470 3535 mutavit
488 3480 522 3533 N
528 3481 535 3512 ¹
555 3482 564 3550 11
587 3485 619 3532 15
639 3481 763 3534 exstaret
781 3480 807 3532 L
823 3483 827 3549 1
843 3479 874 3532 in
893 3495 927 3534 ee
946 3478 987 3547 01
1002 3484 1077 3547 quse
1094 3480 1165 3536 AN

122 3545 222 3629 quib
241 3547 290 3600 uel
307 3549 360 3618 qui
376 3551 417 3607 N
419 3553 430 3583 ²
447 3553 481 3607 e'ee
499 3553 700 3625 rumperetis
717 3550 840 3606 Romam
856 3568 900 3622 oq.
916 3557 941 3605 et
960 3551 1075 3605 lutatus
