2436 3826
153 153 257 206 XXXII
412 174 419 187 ⁹
461 154 662 205 PRAEFATIO
681 154 851 204 EDITORIS

154 321 248 380 etiam
271 320 347 380 vitia
370 321 434 379 eius
454 321 655 397 defenderent,
679 321 710 379 in
730 322 824 379 altero
844 338 915 379 vero
934 321 1081 394 tanquam
1100 317 1191 386 eiu&

156 409 299 469 acerrimo
328 410 498 469 adversario
525 410 577 470 vix
607 410 769 487 quicquam
792 410 972 469 invenerunt
995 406 1075 482 quod
1096 424 1173 481 pro-

155 499 271 558 barent.
298 499 329 556 in
349 517 438 575 quem
459 517 588 558 errorem
607 503 642 558 ut
661 499 828 558 inciderent
844 498 933 556 facile
952 495 1018 553 fieri
1036 497 1166 571 poterat,

155 607 226 646 nam
253 590 288 646 ut
318 592 435 647 taceam
458 587 493 646 de
517 587 600 647 vitiis
625 588 734 665 quibus
757 590 887 663 utraque
910 584 1044 644 recensio
1067 584 1167 660 inqui-

156 679 229 735 nata
258 680 303 735 est
331 679 362 735 et
395 695 472 753 quae
506 695 541 734 ex
574 677 725 736 communi
752 696 854 735 earum
887 675 1050 749 archetypo
1083 692 1167 749 repe·

157 766 249 824 tenda
273 758 385 845 suntl),
414 765 475 824 alia
504 766 586 824 haud
608 784 706 842 pauca
729 767 756 823 A
781 783 899 842 quoque
923 763 1015 821 habet
1037 780 1114 839 quae
1136 762 1169 819 in

159 853 181 914 Ο
209 855 321 914 rectius
349 855 463 914 tradita
491 857 570 913 sunt.
616 854 753 930 peccavit
779 854 874 930 igitur
896 855 1042 928 uterque,
1070 849 1167 909 sedO

159 944 250 1020 plura
273 947 304 1002 et
327 944 476 1020 graviora.
522 961 591 1001 eum
620 946 722 1002 autem
744 943 775 1000 in
799 942 897 1002 animo
920 960 980 999 non
1003 940 1044 998 sit
1067 957 1169 998 omnes

160 1033 229 1090 illos
252 1033 333 1091 locos
357 1050 531 1090 enumerare
556 1034 587 1090 et
610 1032 663 1108 qui
681 1051 731 1090 eos
756 1031 924 1090 examinare
948 1029 1023 1089 velit
1047 1029 1170 1087 adiutus

159 1121 250 1178 huius
278 1120 418 1180 editionis
446 1120 690 1179 adnotationibus
717 1120 750 1178 id
777 1121 875 1178 facere
902 1119 1011 1196 possit,
1042 1118 1170 1176 maxime

160 1208 369 1268 memorabiles
402 1212 522 1268 tantum
556 1210 641 1286 elegi,
674 1229 710 1269 ex
743 1209 853 1286 quibus
884 1212 994 1266 natura
1025 1225 1059 1265 ac
1090 1206 1170 1264 ratio

160 1299 319 1374 utriusque
343 1297 524 1357 recensionis
548 1298 701 1357 commode
723 1298 931 1375 perspiciatur.

127 1399 132 1409 ’
226 1385 329 1464 Atque
351 1391 388 1446 ut
407 1406 424 1445 a
447 1387 589 1446 lacunis
613 1387 735 1445 initium
754 1388 880 1462 capiam,
903 1386 1064 1444 maximam
1082 1385 1169 1442 illam

160 1497 220 1553 qua
246 1477 277 1535 in
306 1474 328 1534 O
355 1476 451 1535 maior
477 1495 546 1552 pars
574 1476 754 1535 narrationis
781 1475 945 1534 bellicum
969 1474 998 1533 S.
1024 1474 1165 1549 Pompeio

160 1566 239 1644 gesti
265 1565 375 1624 hausta
401 1567 448 1625 est
475 1557 877 1645 (p.1e1,1e-162,22)
905 1565 931 1623 Β
955 1564 1018 1623 solo
1046 1563 1090 1620 ita
1119 1581 1168 1620 ex-

69 1654 70 1658 ’
159 1655 238 1731 pleri
264 1657 370 1714 notum
399 1658 445 1713 est
472 1657 508 1713 ut
535 1654 618 1713 haud
644 1673 742 1730 pauca
770 1654 805 1712 de
834 1654 889 1712 hoc
915 1652 994 1711 bello
1027 1670 1045 1709 a
1069 1650 1172 1709 Cassio

160 1745 257 1804 Dione
289 1763 350 1803 non
381 1745 505 1802 narrata
532 1742 631 1801 Iahnii
664 1744 784 1801 demum
817 1742 947 1801 editione
977 1740 1174 1798 innotuerint.

162 1854 230 1893 oum
262 1837 364 1892 autem
396 1833 522 1891 lacunae
561 1832 693 1908 spatium
726 1832 853 1910 singulis
885 1829 957 1887 libri
987 1829 1013 1887 Β
1045 1828 1174 1906 paginis,

164 1922 268 1999 quales
292 1922 347 1980 sub
370 1920 460 1979 finem
484 1921 593 1980 codicis
617 1924 700 1998 sunt,
728 1939 863 1996 prorsus,
890 1918 961 1977 libri
983 1917 1012 1976 N
1035 1917 1097 1976 fere
1127 1937 1173 1975 ra-

164 2010 323 2087 spondoat,
355 2011 506 2086 integram
535 2010 678 2086 paginam
705 2009 737 2068 in
767 2008 789 2067 Ο
817 2009 958 2068 omissam
986 2025 1050 2065 esse
1078 2009 1170 2081 patet.

164 2101 267 2175 itaque
292 2099 317 2157 si
340 2098 471 2156 indolem
494 2097 687 2157 librariorum
710 2102 840 2174 spectas,
869 2117 928 2156 non
950 2098 1096 2172 pensatur
1118 2095 1174 2154 hoc

166 2188 307 2246 damnum
323 2205 357 2246 eo
373 2187 453 2264 quod
466 2188 498 2244 in
512 2187 537 2246 B
552 2187 662 2246 ultima
675 2186 746 2245 libri
760 2186 883 2245 secundi
899 2185 991 2245 verba
1005 2177 1047 2265 (p.
1066 2187 1137 2260 181,
1154 2187 1172 2243 6

169 2279 289 2352 -182,
315 2268 370 2356 13)
404 2276 519 2334 desunt.
565 2295 635 2334 nam
662 2275 718 2334 hoc
746 2275 812 2334 ideo
840 2275 956 2333 factum
984 2292 1061 2346 esse,
1094 2273 1176 2350 quod

166 2366 232 2424 eius
260 2366 441 2442 archetypus
469 2365 524 2424 snb
555 2365 645 2423 finem
672 2365 750 2422 male
778 2363 900 2422 habitus
931 2364 996 2420 erat
1018 2363 1079 2421 iam
1103 2362 1178 2420 vidi·

164 2473 240 2529 mus,
263 2454 341 2512 illud
363 2473 434 2515 vero
458 2454 562 2513 classis
584 2451 606 2512 0
630 2454 774 2512 damnum
795 2452 912 2511 incuria
934 2451 1051 2510 librarii
1074 2453 1175 2510 ortum

163 2562 228 2603 esse
243 2547 376 2620 apparet,
394 2543 570 2619 praesertim
584 2561 653 2600 cnm
666 2541 757 2601 huius
770 2542 953 2618 archetypus
968 2540 1041 2598 alibi
1054 2540 1173 2598 nullum

165 2632 380 2691 detrimentum
403 2633 562 2691 fortuitum
586 2649 692 2706 passus
713 2632 760 2690 sit.
797 2650 886 2708 porro
905 2630 939 2707 B,
964 2649 982 2687 a
1001 2629 1086 2687 euius
1105 2647 1174 2703 par·

164 2722 247 2780 tibus
269 2722 307 2780 iis
330 2722 404 2780 locis
428 2721 537 2798 quibus
560 2720 709 2780 succurrit
731 2722 823 2780 etiam
840 2720 855 2778 I
874 2723 944 2796 stat,
967 2719 1021 2776 has
1039 2716 1173 2793 plurium

164 2810 325 2871 verborum
342 2812 466 2869 lacunas
485 2810 610 2868 alterius
628 2811 808 2869 recensionis
827 2810 941 2884 explet:
960 2826 987 2881 p.
1010 2809 1059 2883 11,
1080 2808 1119 2864 15
1142 2823 1175 2863 cc

164 2903 242 2976 lilio,
275 2902 324 2976 13,
346 2902 385 2958 16
405 2900 563 2972 inplebant
585 2901 763 2976 verberibus,
798 2900 846 2974 16,
867 2900 886 2956 4
910 2897 1065 2955 Iaocrctiac
1086 2896 1178 2954 mori-

166 2995 240 3065 twm3
272 2988 325 3047 ubi
351 2988 551 3064 interpolator
573 2989 655 3046 haud
678 2988 768 3047 dubie
791 2987 891 3061 ipsum
914 2985 1046 3044 consulis
1069 3004 1178 3044 nomen

167 3097 259 3155 supra
282 3079 481 3135 memoratum
504 3078 667 3153 posuisset3
698 3080 747 3153 19,
768 3079 785 3134 7
810 3078 928 3134 iuvenes
950 3092 1029 3132 more
1051 3075 1182 3133 aderam

163 3168 465 3242 proclamaverunt,
512 3169 568 3244 40,
597 3169 615 3225 6
648 3167 704 3225 stol
725 3157 876 3246 ,lonelllp
924 3165 981 3241 58,
1011 3167 1052 3223 10
1075 3163 1182 3236 pusilli

243 3392 269 3458 1)
288 3408 313 3444 v.
333 3388 407 3443 infra
425 3407 451 3458 p.
467 3388 609 3442 XXXVIII
619 3405 659 3455 sq.
939 3341 958 3377 ⁰

243 3464 270 3530 2)
289 3477 357 3514 cave
372 3460 522 3515 credideris
536 3460 606 3514 haec
619 3459 707 3512 verba
722 3458 757 3511 ab
772 3456 974 3525 interpolatore
990 3455 1102 3510 adiecta
1112 3471 1182 3509 esse.

161 3532 244 3596 qnod
268 3531 297 3583 si
321 3531 364 3586 ita
388 3534 480 3602 esset,
513 3531 544 3585 in
573 3530 592 3586 C
617 3532 721 3601 plebeio
751 3529 857 3584 Stoloni
882 3545 939 3582 non
966 3529 1076 3596 plebeio.
1107 3529 1183 3582 stolo.
