2436 3826
389 131 590 182 PRAEFATIO
609 130 779 182 EDITORIS
986 128 1089 183 XXXV

77 299 154 358 tiore
182 296 314 374 nomine,
345 315 466 371 capreae
492 297 595 374 posuit
621 298 772 375 pauloque
800 297 927 356 inferius
953 289 1009 379 (ve.
1032 291 1086 380 19)

79 391 180 447 certus
203 387 322 446 nullum
345 387 428 445 aliud
446 386 559 446 flumen
578 405 647 456 enm
664 387 821 463 Euphrate
840 387 983 464 coniungi
999 406 1088 464 posse

76 477 135 536 nisi
158 476 312 553 Trigidem
338 477 421 550 liaris
449 477 525 549 qaod
552 476 679 548 eufrates
705 494 760 552 pro
786 476 898 535 Tiberis
926 477 1003 550 qaod
1024 477 1088 535 Ea·

73 567 201 640 pirates.
248 564 359 624 similia
382 567 453 624 sunt
476 565 557 641 quod
580 563 602 624 O
624 585 653 640 p.
673 567 728 642 81,
748 567 790 624 20
819 584 854 623 ex
881 565 1001 624 nomine
1024 565 1087 623 Nu·

76 655 211 715 mantino
235 654 424 728 Megaravico
452 654 533 730 quod
555 654 581 711 B
608 653 700 713 habet
723 654 851 728 Mepara
878 656 951 712 aiolo
980 654 1088 733 effecit,

77 764 106 820 p.
126 747 143 803 7
149 745 221 821 7,2
250 762 286 802 ex
314 741 427 802 Graeco
454 743 544 801 Diaei
570 733 664 826 (iliaci
690 742 716 800 B
745 742 888 819 deceptus
919 743 1040 803 litterae
1069 762 1088 802 a

76 833 174 892 forma
187 835 293 908 aperta
322 833 469 909 dignitate,
487 853 516 908 p.
532 833 583 908 91,
600 835 639 891 18
656 851 692 890 ex
705 832 837 890 fluminis
851 832 971 891 nomine
984 830 1088 891 Alesia

77 913 168 999 (adae
189 923 245 980 sira
266 921 293 978 B
331 922 371 980 ad
392 922 485 980 baeles
506 923 547 998 1,
570 942 599 996 p.
622 924 693 996 106,
714 924 731 980 9
757 939 793 979 ex
811 921 953 981 Helvetiis
975 941 1087 997 gnarus

76 1011 218 1071 videlieet
238 1028 308 1070 mox
327 1009 440 1087 Belgas
463 1010 623 1068 memorari
641 1010 778 1084 Belaelis.
815 1012 920 1070 contra
938 1011 962 1068 B
982 1011 1014 1068 in
1031 1010 1087 1070 hoo

78 1118 185 1177 genere
212 1100 310 1158 multo
337 1099 434 1159 levius
461 1099 599 1174 peccavit
628 1100 711 1158 velut
732 1119 760 1175 p.
783 1101 892 1176 107,7
917 1099 971 1158 ubi
993 1101 1088 1159 11111

11 1238 17 1247 .
77 1191 218 1247 liemarus
244 1189 277 1246 in
303 1189 423 1247 iadabio
446 1205 557 1256 1116,
585 1187 656 1247 ibid.
679 1186 833 1247 Ambiorix
854 1188 886 1247 in
910 1190 1004 1249 ambio
1027 1207 1087 1258 rea,

76 1296 120 1337 vs.
142 1279 182 1343 12
203 1275 314 1336 061111
336 1276 368 1335 in
391 1278 466 1351 qaod
488 1281 549 1336 111
570 1278 710 1337 mutavit.
738 1296 808 1336 nam
827 1277 907 1354 quod
925 1299 954 1354 p.
974 1280 1025 1353 82,
1046 1281 1086 1337 24

76 1385 136 1426 161
159 1365 235 1426 uto
259 1367 374 1444 caeliae,
397 1364 601 1441 Hispanorum
623 1366 706 1425 illius
730 1383 764 1425 ea
785 1367 931 1439 framenta
949 1370 1087 1445 potionis,

76 1455 260 1515 mentionem
286 1455 372 1531 fecit,
405 1455 456 1513 sed
484 1456 619 1528 praellae
647 1455 716 1514 inde
744 1455 865 1516 videtur
891 1456 1088 1531 repetendum

77 1562 141 1604 esse
161 1545 241 1621 quod
263 1544 295 1602 in
313 1544 476 1620 archetypo
494 1560 552 1617 pro
576 1536 660 1623 (·i·
675 1546 833 1618 propriam
853 1539 972 1620 1611)
996 1563 1088 1621 appo·

76 1633 171 1693 situm
193 1633 351 1694 invenerat
359 1625 392 1713 ¹).
431 1651 503 1709 ergo
526 1632 637 1690 iterum
659 1632 773 1692 libriB
797 1631 924 1691 scribam
944 1633 1088 1692 sermonis

76 1721 179 1780 Latini
209 1722 297 1782 valde
329 1721 439 1799 exigua
475 1720 647 1797 cognitione
684 1721 835 1780 imbutum
867 1719 1004 1781 videmus
1036 1722 1089 1798 qui

10 1808 12 1813 ’
79 1811 153 1871 satis
175 1809 306 1869 fideliter
333 1829 411 1887 quae
435 1811 467 1869 in
494 1809 657 1886 archetypo
680 1810 837 1869 invenerat
865 1809 1087 1886 transcriberet,

78 1900 203 1959 alterius
230 1899 412 1958 recensionis
442 1901 596 1958 auctorem
628 1899 720 1975 paulo
753 1900 866 1958 maiore
899 1918 954 1958 nec
985 1902 1088 1958 tamen

76 1988 174 2048 solida
197 1988 335 2047 doctrina
362 1989 546 2047 instructum
577 1988 629 2064 qui
652 1989 774 2048 nomina
795 1989 896 2047 minus
919 1989 1034 2048 usitata
1056 1990 1088 2046 in

76 2078 197 2137 notiora
219 2080 274 2161 aut
296 2077 328 2135 in
351 2077 499 2137 vocabula
517 2077 628 2136 similia
645 2081 786 2137 mutaret.
823 2077 976 2136 interdum
996 2079 1088 2137 etiam

75 2166 178 2225 minus
197 2169 269 2225 nota
286 2185 341 2242 pro
360 2167 440 2226 notis
459 2165 619 2226 substituit
637 2168 722 2227 velut
740 2187 767 2242 p.
788 2168 839 2244 44,
862 2170 902 2225 12
921 2168 1088 2225 sardiniam

76 2257 276 2328 adnexamque
299 2258 325 2314 ei
348 2273 496 2315 1161111
520 2274 573 2330 pro
597 2254 770 2315 Sardiniam
793 2257 994 2329 adaeaaaaqae
1018 2256 1087 2314 Cor·

76 2347 176 2404 sicera
217 2347 465 2419 praeterea'cum
488 2346 606 2403 constet
628 2348 745 2406 veteres
768 2345 800 2403 in
823 2345 994 2403 nominibus
1017 2363 1086 2421 pro-

75 2434 150 2510 priis
174 2433 337 2492 scribendis
369 2452 428 2493 non
452 2452 487 2491 61
511 2451 571 2509 qua
593 2452 672 2492 nunc
695 2433 811 2492 utimur
834 2434 993 2511 diligentia
1015 2452 1087 2493 usos

76 2540 150 2600 esse,
182 2522 310 2581 maxime
342 2521 508 2581 cavendum
540 2521 612 2580 duxi
643 2541 680 2580 16
714 2542 732 2580 1
763 2521 911 2581 librorum
939 2522 1086 2581 memoria

78 2611 142 2670 sine
165 2611 281 2670 idoneis
309 2611 406 2670 causis
434 2610 623 2669 discederem.
659 2611 705 2669 ita
726 2611 816 2669 facile
839 2610 904 2669 fieri
926 2612 1030 2687 potuit
1051 2614 1087 2669 ut

74 2699 185 2759 Florus
217 2699 290 2758 alibi
321 2699 437 2758 Salaoii
468 2693 586 2775 (pla,
611 2690 646 2778 9)
678 2702 709 2758 61
740 2700 924 2758 Dalmatiam
956 2695 1022 2776 (94,
1050 2691 1086 2780 4)

75 2788 150 2847 alibi
172 2788 286 2847 Sallaei
308 2780 351 2869 (p.
372 2792 426 2866 89,
455 2783 488 2866 9)
513 2790 543 2847 et
565 2787 720 2847 Delmatae
742 2782 784 2866 (p.
807 2791 878 2865 169,
899 2792 930 2865 9,
962 2791 1034 2862 171,
1050 2783 1086 2869 4)

76 2875 220 2937 scriberet
251 2880 282 2936 61
312 2877 400 2936 modo
432 2878 529 2936 forma
557 2873 686 2935 Arverni
714 2870 755 2956 (p.
778 2879 929 2954 109,14;
955 2879 1031 2953 110,
1051 2871 1086 2953 8)

75 2965 165 3025 modo
188 2963 301 3025 Arneai
323 2957 366 3048 (p.
386 2968 436 3037 89,
458 2958 513 3046 11)
532 2969 677 3025 uteretur.
710 2985 803 3042 quare
822 2967 914 3025 etiam
933 2986 959 3041 p.
977 2967 1085 3042 83,10

74 3055 287 3130 1111196161
305 3055 506 3132 appellavisse
519 3054 639 3116 ridetur
654 3055 707 3131 qui
726 3055 808 3131 apud
822 3055 977 3113 Valerium
991 3054 1085 3112 Maxi·

31 3154 35 3162 '
74 3164 160 3204 mum
199 3144 391 3219 Rhoetogenes
432 3145 513 3221 apud
548 3142 721 3221 Appianum
757 3140 921 3222 Parapinae
960 3146 1005 3202 est
1043 3136 1084 3224 (v.

71 3253 102 3311 p.
118 3226 290 3313 XXXIV)²)
309 3237 339 3293 et
356 3255 384 3309 p.
403 3236 474 3310 109,
495 3236 512 3293 9
533 3233 743 3308 exscriptoris
763 3234 891 3292 easaella
910 3224 964 3313 (Β)
985 3235 1016 3291 61
1038 3249 1085 3291 ca-

148 3441 174 3508 1)
192 3456 217 3493 v.
238 3437 332 3492 adnot.
352 3438 388 3492 ad
405 3456 432 3510 p.
450 3444 568 3510 161,16.
1120 3485 1139 3498 ,.

144 3512 171 3578 2)
189 3525 280 3564 reram
293 3510 416 3567 nominis
431 3511 556 3571 formam
569 3514 691 3572 Paridis
706 3513 848 3587 epitoma
860 3498 1049 3570 semanim
1057 3496 1156 3547 aba*

889 3599 927 3654 e*-
