2436 3826
194 171 309 225 XLVIII
502 174 702 225 PRAEFATIO
721 174 892 225 EDITORIS

195 342 333 401 bellorum
354 342 484 398 onmium
505 339 543 399 iis
565 360 642 416 quae
661 340 773 399 ibidem
791 341 936 417 leguntur
954 344 1068 400 tactam
1085 359 1213 415 operum

189 449 265 505 pecc
297 431 423 503 belloque
451 431 541 502 pessit
569 429 667 488 minus
694 421 935 510 respondeantl).
981 429 1098 490 accedit
1127 433 1214 509 quod

194 520 227 579 in
240 519 459 595 subscriptione
473 518 544 577 libri
563 518 654 594 primi
672 519 733 577 illis
752 538 812 578 non
831 518 941 577 additis
960 519 1066 579 eadem
1082 524 1212 596 praeter

194 607 359 669 levidensis
387 608 534 684 quaedam
563 610 609 666 est
636 608 668 665 in
694 607 720 664 B
748 607 833 666 tituli
860 608 956 668 forma
983 610 1076 684 etque
1109 609 1144 669 in
1173 609 1211 671 0:

195 702 326 773 epptome
347 697 411 756 Iuli
432 696 519 755 Florr'
542 698 577 755 de
600 697 665 755 Tito
688 695 783 754 Isioio.
829 699 934 756 contre
957 699 1097 771 epitomae
1119 718 1212 761 voca·

194 786 266 845 bulo
298 785 364 844 fieri
394 786 496 862 potuit
528 789 564 845 ut
589 785 698 844 Florus
728 785 793 861 ipse
825 787 971 862 uteretur,
1004 806 1074 845 cum
1105 789 1210 849 verbis

194 874 405 953 praefationis:
427 877 496 948 ipse
518 876 575 933 sibi
596 875 690 933 obstet
710 875 915 947 mopotrodo
938 893 1093 949 remaque
1111 878 1210 937 deveo

195 968 263 1024 titos
286 966 378 1023 aciem
399 966 565 1022 intentionis
589 965 737 1037 abrumpit
759 966 790 1022 et
812 966 845 1022 ire
868 965 965 1023 brcec'
987 967 1074 1038 quusi
1101 968 1212 1028 tubelle

195 1058 284 1113 cotom
303 1056 365 1112 aas
379 1055 536 1126 conecterem
550 1054 707 1126 amplector
721 1055 791 1128 apte
806 1053 1076 1114 circumscribatur.
1109 1076 1211 1134 neque

194 1162 266 1205 vero
295 1141 469 1219 negaverim
495 1142 574 1200 illud
596 1142 634 1201 ab
658 1142 762 1201 eodem
785 1142 839 1218 qui
861 1142 941 1202 Livii
964 1158 1073 1203 nomen
1100 1143 1212 1206 intulit

194 1231 273 1291 adici
300 1231 443 1307 potuisse.
490 1249 583 1307 quare
612 1230 767 1289 fatendum
797 1233 842 1290 est
870 1231 1032 1308 genuinam
1059 1232 1133 1293 libri
1163 1235 1211 1293 in·

195 1320 388 1396 scriptionem
415 1318 500 1379 nobis
528 1319 664 1397 ignotam
691 1338 755 1378 esse
784 1324 815 1378 et
842 1320 1024 1380 coniecturis
1046 1321 1098 1382 vix
1120 1342 1209 1383 recu·

194 1410 295 1486 peruri
321 1427 416 1485 posse.
449 1426 520 1466 nem
543 1427 727 1485 quamquam
755 1427 791 1467 ee
819 1428 910 1486 quam
938 1410 1053 1470 Titzius
1080 1411 1211 1473 editioni

194 1518 266 1560 suae
302 1488 528 1579 praeposuit2):
571 1499 709 1571 epitomae
744 1515 844 1556 reram
874 1499 1078 1559 Romanorum
1115 1501 1212 1562 habet

195 1588 305 1666 quibus
329 1587 553 1646 commendetur
581 1590 612 1646 et
634 1586 718 1647 Flori
744 1587 840 1663 ipsius
868 1589 968 1647 verbis
992 1589 1083 1647 etiam
1106 1591 1207 1669 magis

194 1678 269 1736 haec
292 1676 390 1735 forma
412 1678 587 1752 respondet:
616 1677 754 1750 epitomae
780 1695 879 1735 reram
902 1679 1048 1751 opoputo
1071 1677 1209 1739 Rectene

192 1770 341 1841 pastorum
363 1766 431 1824 libri
448 1765 497 1834 Π,
520 1767 622 1824 temen
645 1785 699 1840 pro
723 1766 813 1824 certis
837 1771 891 1824 eut
913 1766 1130 1826 verisimilibus
1153 1768 1209 1829 has

195 1855 350 1916 venditare
364 1873 424 1913 non
443 1845 582 1935 ausiml).
601 1853 654 1913 sed
672 1855 768 1913 multo
787 1854 885 1912 minus
904 1854 1069 1930 probabilis
1086 1855 1143 1915 illa
1161 1860 1211 1919 est

195 1963 287 2022 quam
301 1943 339 2002 H.
352 1943 517 2001 Muellerus
532 1935 574 2022 (v.
588 1963 617 2018 p.
631 1933 665 2023 1)
685 1961 721 2001 en
740 1943 852 2003 scholio
871 1943 910 2001 ad
927 1942 1085 2003 Lucanum
1099 1945 1126 1998 V
1143 1947 1208 2006 577

196 2028 248 2114 (cf.
266 2032 327 2090 VH
345 2022 425 2112 470)
447 2030 545 2090 finxit:
568 2032 690 2090 historio
708 2032 847 2090 bellorum
864 2035 993 2092 comeam
1012 2024 1075 2113 (vel
1094 2034 1209 2095 collato

195 2120 363 2198 Augustini
390 2120 457 2178 loco
481 2119 517 2178 de
540 2119 597 2178 civ.
620 2119 669 2177 dei
691 2119 738 2178 ΠΙ
759 2123 798 2179 19
823 2117 1038 2200 Romanorum)
1061 2140 1211 2185 armornm

195 2208 286 2270 1200.
310 2228 378 2267 cum
402 2208 480 2266 enim
504 2207 568 2266 illic
587 2206 723 2266 Caesaris
742 2209 897 2268 dictatoris
916 2210 954 2268 ad
974 2210 1211 2287 gubernatorem

195 2319 266 2360 vox:
299 2299 369 2371 qaid
387 2298 488 2356 times?
522 2296 677 2355 Caesarem
699 2298 778 2356 cobis
801 2291 843 2380 (p.
865 2301 937 2377 144,
958 2291 1013 2380 21)
1036 2299 1083 2359 his
1106 2300 1210 2362 verbis

195 2389 458 2448 commemoretur:
495 2387 528 2444 ire
562 2387 684 2445 historio
721 2387 823 2460 lepitar
859 2389 901 2446 sic
932 2406 1018 2462 saepe
1050 2387 1211 2452 Caesarem

193 2477 381 2552 pabcractorc‘
404 2477 521 2544 dixisse,
544 2475 619 2533 nihil
643 2475 726 2533 aliud
750 2476 888 2552 sequitur
909 2477 968 2537 nisi
990 2480 1026 2537 ut
1044 2479 1211 2541 scholiasta

269 2701 295 2767 1)
314 2697 433 2752 fortasse
453 2697 489 2751 ab
509 2698 608 2752 eodem
626 2697 676 2765 qui
695 2698 819 2767 capitum
837 2697 1033 2768 inscriptiones
1048 2702 1210 2771 composuit

195 2773 308 2842 praeter
328 2768 513 2839 paucissimas
538 2786 555 2821 a
578 2769 716 2824 vocabulo
740 2772 838 2825 bellam
859 2769 1026 2839 incipientes
1049 2771 1101 2826 ills
1120 2774 1209 2829 verba

197 2841 310 2897 adiecta
332 2843 406 2895 sunt.
443 2858 509 2895 nam
532 2839 630 2894 Florus
656 2840 717 2910 ipse
740 2840 855 2895 incunte
878 2841 1053 2910 praefatione
1067 2860 1105 2898 se
1124 2862 1210 2915 opera

195 2929 268 2983 quae
286 2911 406 2981 populus
425 2912 567 2966 Romanus
583 2929 652 2981 pace
671 2914 788 2982 belloque
811 2913 931 2982 gesserit
947 2916 1128 2969 narraturum
1146 2932 1209 2973 esse

194 2985 424 3137 profigptplploms
447 3054 490 3108 ed.
509 3053 539 3107 F.
554 3053 589 3110 N.
604 3053 709 3123 Titne,
733 3054 841 3124 Pragae
862 3060 929 3109 1819
954 3058 983 3137 et
1001 3054 1129 3111 eiusdem
1153 3058 1207 3142 ‘De

196 3125 1072 3279 scisma{sesabaciscerasiacensisa
1092 3128 1209 3257 tas

199 3269 290 3338 operis
313 3270 431 3336 antrqua
454 3268 544 3322 forma
567 3271 764 3336 quaestronum
786 3286 922 3322 novarum
944 3269 1011 3322 l1brr
1028 3269 1091 3339 111⁷,
1113 3270 1208 3327 Lincii

199 3344 297 3479 18043)
316 3412 427 3465 constat
440 3409 577 3491 Prisciani
591 3410 752 3465 testimonio
767 3414 893 3481 (gramm.
907 3411 968 3465 Lat.
978 3411 1018 3465 III
1032 3429 1058 3494 p.
1069 3417 1132 3483 482,
1148 3412 1209 3471 2K.

199 3480 233 3535 cf,
246 3481 275 3534 11
290 3487 349 3549 250,
366 3487 398 3535 18
418 3483 447 3534 et
464 3481 567 3551 Apuler
585 3481 642 3536 flor.
659 3487 683 3550 9,
699 3488 745 3550 373
764 3489 807 3551 20,
822 3486 867 3553 98)
886 3484 922 3537 ab
940 3482 1060 3553 Apulero
1074 3486 1209 3554 epitomas

180 3552 368 3608 bretorrbmm
386 3552 481 3608 editas
503 3570 573 3609 esse.
