2436 3826
490 200 515 268 1,
536 205 569 252 44
589 199 636 269 (u,
656 202 691 269 4).
1053 201 1095 264 59

150 367 229 427 Haec
243 369 322 427 luter
336 366 452 426 diversa
465 373 614 426 terrarum
629 366 756 444 populus
770 366 928 427 Romanus.
957 385 1013 426 nec
1026 366 1094 426 ideo
1114 380 1147 426 41

80 464 182 516 tamen
209 454 374 516 visceribus
402 454 501 515 ltaliae
529 455 734 515 inhaerentem
763 473 948 515 summovere
978 462 1095 533 poterat

79 544 284 605 Hannibalem.
321 543 462 623 pleraque
487 543 522 603 ad
545 543 662 603 hostem
683 544 862 624 defecerant,
886 551 916 604 et
934 544 992 603 dux
1012 560 1095 603 acer-

81 636 177 694 rimus
209 640 312 694 contra
338 632 487 692 Romanos
514 631 624 691 Italicis
657 650 774 710 quoque
807 631 920 693 viribus
947 630 1094 692 utebatur.

51 725 142 782 ciam
173 729 273 782 tamen
306 739 374 781 eum
405 720 556 799 plerisque
585 721 703 799 oppidis
730 729 761 780 et
788 720 961 798 regionibus
989 739 1093 780 excus-
1113 733 1147 780 44

81 828 231 890 seramus,
260 813 320 870 iam
348 810 493 870 Tarentus
523 809 559 868 ad
587 827 642 868 nos
670 809 814 890 redierat,
841 812 900 869 iarn
929 817 958 869 et
987 808 1095 888 Capua,

78 899 168 960 sedes
192 906 222 958 et
244 901 339 979 patria
362 898 453 958 altera
472 897 655 977 Hannibalis,
678 897 843 977 tenebatur,
866 900 952 958 cuius
974 899 1094 957 amissio

78 994 195 1048 tantum
219 986 319 1047 Poeno
347 987 416 1047 duci
444 985 576 1046 dolorem
604 987 699 1065 dedit,
727 994 760 1046 ut
787 987 857 1046 inde
885 989 956 1046 totis
981 984 1095 1046 viribus

78 1076 202 1136 Romam
226 1082 457 1136 converteretur.
500 1093 516 1133 0
540 1074 683 1154 populum
707 1075 829 1152 dignum
853 1075 934 1134 orbis
958 1077 1094 1153 imperio,
1113 1086 1147 1134 43

37 1178 65 1218 10
79 1165 202 1243 dignum
222 1167 354 1224 omniurn
373 1164 471 1223 lavore
486 1171 517 1222 et
531 1163 724 1223 admiratione
739 1164 892 1224 bominum
908 1182 941 1223 ac
956 1161 1094 1223 deorum!
1149 1215 1151 1219 ,

79 1252 240 1332 conpulsus
263 1252 299 1312 ad
322 1252 443 1312 ultimos
466 1259 563 1312 metus
588 1251 623 1311 ab
648 1254 766 1330 incepto
790 1270 851 1311 non
870 1252 985 1312 destitit
1008 1251 1093 1311 etde

79 1360 132 1402 sua
161 1341 235 1401 urbe
264 1340 408 1401 sollicitus
432 1340 561 1419 Capuam
585 1347 767 1400 tamennon
792 1343 905 1420 omisit3
934 1340 986 1400 sed
1009 1345 1093 1418 parte

78 1431 229 1490 exercitus
262 1428 317 1489 sub
347 1430 441 1509 Appio
475 1428 596 1489 consule
629 1428 746 1508 relicta,
779 1437 864 1508 parte
891 1428 1029 1488 Flaccum
1063 1430 1094 1487 in

78 1518 184 1579 urbem
213 1525 313 1578 secuta
341 1517 448 1578 absens
477 1516 566 1577 simul
593 1535 795 1596 praesensque
817 1516 974 1595 pugnabat.
1022 1516 1148 1594 4414144

37 1620 64 1660 15
78 1625 149 1685 ergo
182 1609 325 1666 miramur
356 1608 487 1665 moventi
520 1613 616 1666 castra
650 1624 666 1665 a
693 1608 783 1665 tertio
811 1605 908 1684 lapide
936 1603 1094 1668 Hannibali

76 1698 188 1755 iterum
210 1697 291 1774 ipsos
315 1695 448 1755 deos-
469 1694 540 1754 deos
563 1696 694 1773 inquam,
717 1712 774 1754 nec
797 1694 884 1754 lateri
906 1694 1032 1772 pudebit
1051 1727 1093 1735 —

77 1780 249 1844 restitisse?
271 1790 352 1844 tanta
370 1785 452 1843 enim
471 1782 505 1843 ad
526 1782 659 1860 singulos
678 1782 759 1843 illius
779 1789 877 1842 motus
892 1784 936 1841 vis
952 1782 1093 1842 imbrium
1112 1791 1146 1840 45
1197 1821 1200 1826 -

76 1873 171 1932 eliusa
189 1878 245 1952 est,
267 1879 347 1932 tanta
365 1879 522 1932 ventorum
540 1871 679 1931 violentia
698 1877 798 1931 coorta
818 1879 873 1951 est,
896 1878 930 1931 ut
947 1870 1090 1931 divinitus

77 1960 193 2030 hostem
217 1960 387 2021 submoveri
405 1978 465 2020 non
484 1979 501 2020 a
519 1960 610 2041 caelo,
633 1960 684 2020 sed
705 1959 741 2020 ab
760 1959 844 2020 urbis
864 1962 958 2038 ipsius
978 1961 1093 2019 moeni-

36 2063 64 2102 20
77 2048 134 2108 bus
162 2056 192 2109 et
219 2048 361 2127 Capitolio
389 2049 549 2109 videretur.
595 2052 695 2128 itaque
724 2049 799 2127 fugit
827 2056 857 2108 et
884 2051 975 2108 cessit
1003 2055 1033 2107 et
1061 2050 1146 2107 1444

46 2220 68 2273 I
78 2226 199 2274 correcta
216 2236 250 2274 44
269 2221 307 2288 et)
325 2220 353 2273 Β
368 2218 373 2291 1
390 2217 486 2272 saltim
499 2220 537 2288 11
553 2218 600 2272 441
618 2236 668 2274 om.
683 2219 721 2287 A,
739 2226 769 2274 41
782 2238 807 2274 o.
820 2237 848 2288 p.
864 2224 909 2286 45,
923 2222 957 2286 3,·
975 2221 1021 2284 77,
1035 2221 1071 2272 17
1084 2217 1094 2288 11

82 2295 95 2342 1
116 2289 147 2342 in
164 2289 277 2344 diuersa
291 2291 326 2358 A,
346 2297 376 2345 41
394 2291 566 2358 v.V117,2
585 2305 636 2359 per
651 2289 762 2344 diversa
779 2291 893 2356 Tollius,
910 2290 1094 2355 o.140,27;
1130 2323 1132 2329 .

79 2364 154 2428 41,1
171 2362 175 2428 1
191 2360 312 2430 populus
329 2377 461 2415 romanus
480 2377 530 2416 om.
549 2361 584 2414 N
600 2363 609 2430 11
633 2367 648 2413 2
667 2360 766 2414 italiae
789 2360 944 2414 uisceribus
963 2360 997 2412 N
1003 2357 1093 2432 -114114

80 2429 236 2484 4144441144
246 2431 287 2497 (ib
301 2438 448 2487 correctam
461 2432 603 2501 4444111
616 2431 781 2486 submouere
791 2434 812 2486 I
821 2434 830 2500 11
845 2437 860 2484 3
876 2430 1039 2485 annibalem
1048 2430 1090 2497 ΑΙ

80 2503 201 2555 ostemI
213 2508 216 2571 1
233 2501 394 2555 defecerant
403 2505 433 2570 (n
442 2504 628 2571 44444141Β
642 2505 651 2570 11
666 2505 811 2570 4444441
820 2505 829 2571 11
844 2502 1092 2572 54444444444144]

80 2588 226 2626 excussere
235 2572 373 2627 romaniI
381 2576 391 2643 11
405 2578 421 2624 6
432 2571 508 2626 idem
515 2573 544 2641 (d
553 2574 585 2626 in
594 2575 607 2626 t
616 2580 681 2628 mot.
691 2590 726 2627 m.
735 2575 761 2642 1)
771 2573 805 2627 N
809 2573 886 2626 idem
896 2574 922 2625 L
934 2574 937 2642 1
950 2573 1094 2625 tarentum

79 2643 108 2698 A
117 2643 276 2697 tarentinus
285 2644 313 2698 L
327 2646 332 2713 1
349 2644 386 2698 ad
398 2660 449 2696 nos
463 2643 600 2768 4441144414
609 2643 795 2697 retulerant]
804 2645 813 2712 11
828 2643 961 2697 1441141
973 2647 977 2706 Ι
994 2642 1093 2696 domus

79 2721 144 2768 4414
163 2715 316 2776 41441141
336 2716 365 2768 et
383 2715 482 2768 domus
496 2715 561 2769 add.
614 2712 775 2783 {annibalis
789 2714 817 2767 A
833 2714 838 2781 1
855 2711 998 2766 ammissio
1013 2714 1040 2766 Β
1054 2714 1094 2781 18

80 2799 172 2853 poeno
190 2787 336 2854 1444144144
353 2802 371 2838 o
390 2790 561 2839 correctorem
579 2787 609 2847 41
627 2785 655 2837 Β
673 2802 745 2857 pene
765 2784 792 2837 L
807 2787 812 2852 1
827 2785 860 2836 41
878 2782 927 2837 ille
948 2782 991 2851 41
1009 2788 1025 2835 9
1044 2798 1094 2852 po·

80 2854 148 2924 pulo
162 2856 184 2909 I
194 2859 199 2923 1
215 2871 269 2924 que
283 2863 347 2925 posi
365 2856 482 2925 dignum
500 2855 563 2910 odd.
579 2854 606 2907 A
624 2857 633 2924 11
653 2861 686 2908 10
701 2853 898 2908 ammiratione
912 2855 952 2922 111
967 2859 998 2906 11
1019 2869 1093 2907 com-

80 2924 178 2994 pulsus
201 2927 235 2981 N
255 2929 259 2996 1
284 2926 427 2980 ultumhos
451 2927 543 2979 metus
566 2926 600 2978 N
619 2925 742 2979 ultumas
765 2926 856 2979 metas
880 2925 913 2978 N
919 2925 928 2956 ¹
952 2928 957 2992 1
981 2923 1095 2978 destitit

81 2997 177 3066 (prius
194 2996 219 3050 ti
236 3000 268 3051 in
285 3001 396 3067 rasura)
414 2997 442 3050 Β
462 2995 574 3050 desistit
592 2998 680 3065 11112
699 2995 825 3049 ommisit
842 2998 975 3065 (priorem
995 3013 1024 3048 m
1041 2996 1093 3049 del.

80 3085 115 3122 m.
136 3070 162 3130 1)
181 3069 209 3121 Β
227 3070 236 3136 1
256 3073 288 3122 13
308 3068 360 3122 sub
379 3068 546 3137 (1144444414
563 3084 597 3122 44
614 3070 644 3136 p)
662 3068 690 3120 B
712 3069 722 3136 11
744 3071 777 3119 14
795 3067 863 3120 urbe
882 3065 958 3134 Act
975 3067 1095 3134 sequuta

81 3138 109 3192 B
122 3140 132 3207 11
147 3143 179 3191 15
198 3138 294 3208 lapide
313 3138 389 3208 (pide
407 3138 604 3208 144444141Β
620 3143 625 3207 1
641 3137 770 3192 annibali
783 3139 811 3191 B
824 3139 834 3207 11
849 3143 881 3191 16
897 3137 963 3191 deos
978 3136 1095 3205 inquam

80 3224 133 3262 nec
151 3209 237 3263 fateri
254 3209 374 3278 pudebit
391 3226 441 3265 om.
460 3211 483 3263 I
503 3213 508 3277 1
531 3225 583 3263 nec
601 3226 686 3278 supro
704 3224 811 3264 versum
827 3209 863 3262 N
867 3209 876 3240 ¹
897 3208 901 3276 1
921 3207 1022 3262 factori
1040 3207 1067 3261 L
1087 3208 1091 3277 1

80 3279 220 3334 restitisse
235 3287 299 3349 post
317 3280 383 3334 deos
401 3283 451 3349 (44.
471 3283 499 3350 9)
517 3281 545 3334 Β
567 3283 576 3350 1
601 3286 633 3333 17
653 3279 691 3333 ad
708 3281 738 3348 (4
756 3285 877 3335 correcto
895 3295 929 3333 ea
946 3278 967 3347 i)
986 3280 1014 3332 B
1031 3280 1040 3347 11
1060 3283 1093 3333 18

81 3350 197 3405 cohorta
215 3351 243 3404 Β
257 3353 266 3420 11
286 3357 319 3405 19
337 3350 428 3405 hostis
447 3351 484 3407 N.
505 3351 658 3419 Heinsius!
675 3348 836 3404 submoueri
854 3351 910 3403 NI
925 3348 1095 3404 summoueri

81 3421 141 3474 BL
159 3437 334 3476 summouere
356 3423 461 3478 Tollius
484 3424 490 3491 1
511 3438 563 3476 nec
582 3420 675 3476 caelos
695 3423 719 3490 (s
738 3422 926 3490 4444441144.
946 3423 976 3490 2)
996 3419 1046 3474 sed
1064 3419 1099 3474 N

79 3491 195 3565 4444414
214 3492 264 3546 441
274 3493 309 3547 ‘L
325 3495 335 3562 11
354 3498 388 3547 20
407 3492 543 3562 capitulio
561 3495 638 3549 codd.
658 3492 742 3548 Heid.
763 3492 826 3547 Pal.
846 3490 1108 3556 [ostentationis

80 3569 145 3617 ante
162 3563 306 3617 uideretur
321 3565 386 3620 add.
406 3564 432 3620 O
441 3567 448 3636 1
464 3564 564 3637 itaque
583 3572 649 3624 ante
666 3565 748 3641 lugit
766 3583 821 3624 orn.
838 3564 867 3619 B
887 3564 985 3618 nascio
1003 3576 1046 3614 un
1062 3569 1130 3608 sm
