<?xml version="1.0" encoding="UTF-8"?>
<!DOCTYPE html PUBLIC "-//W3C//DTD XHTML 1.0 Transitional//EN"
    "http://www.w3.org/TR/xhtml1/DTD/xhtml1-transitional.dtd">
<html xmlns="http://www.w3.org/1999/xhtml" xml:lang="en" lang="en">
 <head>
  <title>
</title>
<meta http-equiv="Content-Type" content="text/html;charset=utf-8" />
  <meta name='ocr-system' content='tesseract 3.04.00' />
  <meta name='ocr-capabilities' content='ocr_page ocr_carea ocr_par ocr_line ocrx_word'/>
</head>
<body>
  <div class='ocr_page' id='page_1' title='image "./lannaeifloriepi00florgoog_0065.png"; bbox 0 0 2436 3826; ppageno 0'>
   <div class='ocr_carea' id='block_1_1' title="bbox 159 167 931 231">
    <p class='ocr_par' dir='ltr' id='par_1_1' title="bbox 159 167 931 231">
     <span class='ocr_line' id='line_1_1' title="bbox 159 167 931 231; baseline 0.003 -10"><span class='ocrx_word' id='word_1_1' title='bbox 159 167 234 222; x_wconf 88' lang='lat' dir='ltr'>LXII</span> <span class='ocrx_word' id='word_1_2' title='bbox 469 171 671 222; x_wconf 75' lang='lat' dir='ltr'>PRAEFATIO</span> <span class='ocrx_word' id='word_1_3' title='bbox 689 171 859 223; x_wconf 82' lang='lat' dir='ltr'>EDITORIS</span> <span class='ocrx_word' id='word_1_4' title='bbox 927 223 931 231; x_wconf 83' lang='grc'>,</span> 
     </span>
    </p>
   </div>
   <div class='ocr_carea' id='block_1_2' title="bbox 156 337 1172 595">
    <p class='ocr_par' dir='ltr' id='par_1_2' title="bbox 156 337 1172 595">
     <span class='ocr_line' id='line_1_2' title="bbox 158 337 1171 414; baseline 0.001 -18"><span class='ocrx_word' id='word_1_5' title='bbox 158 338 286 396; x_wconf 81' lang='lat' dir='ltr'>lamenti</span> <span class='ocrx_word' id='word_1_6' title='bbox 309 339 347 399; x_wconf 88' lang='lat' dir='ltr'>ad</span> <span class='ocrx_word' id='word_1_7' title='bbox 369 337 493 397; x_wconf 80' lang='lat' dir='ltr'>Florum</span> <span class='ocrx_word' id='word_1_8' title='bbox 516 337 705 397; x_wconf 84' lang='lat' dir='ltr'>redundavit.</span> <span class='ocrx_word' id='word_1_9' title='bbox 749 341 907 414; x_wconf 88' lang='lat' dir='ltr'>praeterea</span> <span class='ocrx_word' id='word_1_10' title='bbox 936 337 1093 397; x_wconf 90' lang='lat' dir='ltr'>indicem</span> <span class='ocrx_word' id='word_1_11' title='bbox 1117 358 1171 398; x_wconf 94' lang='lat' dir='ltr'>no·</span> 
     </span>
     <span class='ocr_line' id='line_1_3' title="bbox 157 425 1172 504; baseline 0 -18"><span class='ocrx_word' id='word_1_12' title='bbox 157 446 231 486; x_wconf 84' lang='lat' dir='ltr'>vum</span> <span class='ocrx_word' id='word_1_13' title='bbox 253 429 285 486; x_wconf 88' lang='lat' dir='ltr'>et</span> <span class='ocrx_word' id='word_1_14' title='bbox 306 425 471 504; x_wconf 85' lang='lat' dir='ltr'>prioribus,</span> <span class='ocrx_word' id='word_1_15' title='bbox 500 426 533 485; x_wconf 91' lang='lat' dir='ltr'>ni</span> <span class='ocrx_word' id='word_1_16' title='bbox 554 425 657 502; x_wconf 85' lang='lat' dir='ltr'>fallor,</span> <span class='ocrx_word' id='word_1_17' title='bbox 686 426 901 486; x_wconf 76' lang='lat' dir='ltr'>accuratiorem</span> <span class='ocrx_word' id='word_1_18' title='bbox 926 445 986 485; x_wconf 89' lang='lat' dir='ltr'>non</span> <span class='ocrx_word' id='word_1_19' title='bbox 1013 427 1172 486; x_wconf 86' lang='lat' dir='ltr'>nominum</span> 
     </span>
     <span class='ocr_line' id='line_1_4' title="bbox 156 514 1172 595; baseline 0.002 -21"><span class='ocrx_word' id='word_1_20' title='bbox 156 518 278 575; x_wconf 90' lang='lat' dir='ltr'>tantum</span> <span class='ocrx_word' id='word_1_21' title='bbox 305 517 357 576; x_wconf 92' lang='lat' dir='ltr'>sed</span> <span class='ocrx_word' id='word_1_22' title='bbox 384 533 485 574; x_wconf 90' lang='lat' dir='ltr'>rerum</span> <span class='ocrx_word' id='word_1_23' title='bbox 512 534 632 593; x_wconf 88' lang='lat' dir='ltr'>quoqne</span> <span class='ocrx_word' id='word_1_24' title='bbox 660 515 813 575; x_wconf 86' lang='lat' dir='ltr'>mentione</span> <span class='ocrx_word' id='word_1_25' title='bbox 836 514 998 592; x_wconf 88' lang='lat' dir='ltr'>dignarum</span> <span class='ocrx_word' id='word_1_26' title='bbox 1020 517 1172 595; x_wconf 88' lang='lat' dir='ltr'>contexui,</span> 
     </span>
    </p>
   </div>
   <div class='ocr_carea' id='block_1_3' title="bbox 143 603 1171 1909">
    <p class='ocr_par' dir='ltr' id='par_1_3' title="bbox 156 603 1170 859">
     <span class='ocr_line' id='line_1_5' title="bbox 156 603 1170 683; baseline 0.002 -21"><span class='ocrx_word' id='word_1_27' title='bbox 156 604 236 663; x_wconf 91' lang='lat' dir='ltr'>unde</span> <span class='ocrx_word' id='word_1_28' title='bbox 259 603 574 680; x_wconf 82' lang='lat' dir='ltr'>historici&#39;imprimis,</span> <span class='ocrx_word' id='word_1_29' title='bbox 598 624 768 681; x_wconf 81' lang='lat' dir='ltr'>equorum</span> <span class='ocrx_word' id='word_1_30' title='bbox 790 604 896 664; x_wconf 88' lang='lat' dir='ltr'>multis</span> <span class='ocrx_word' id='word_1_31' title='bbox 919 603 1045 663; x_wconf 79' lang='lat' dir='ltr'>Florum</span> <span class='ocrx_word' id='word_1_32' title='bbox 1070 605 1170 683; x_wconf 91' lang='lat' dir='ltr'>magis</span> 
     </span>
     <span class='ocr_line' id='line_1_6' title="bbox 156 691 1170 771; baseline 0.002 -19"><span class='ocrx_word' id='word_1_33' title='bbox 156 713 249 770; x_wconf 87' lang='lat' dir='ltr'>quam</span> <span class='ocrx_word' id='word_1_34' title='bbox 266 713 322 770; x_wconf 89' lang='lat' dir='ltr'>par</span> <span class='ocrx_word' id='word_1_35' title='bbox 344 695 409 753; x_wconf 88' lang='lat' dir='ltr'>erat</span> <span class='ocrx_word' id='word_1_36' title='bbox 427 693 548 771; x_wconf 80' lang='lat' dir='ltr'>neglegi</span> <span class='ocrx_word' id='word_1_37' title='bbox 570 693 714 771; x_wconf 84' lang='lat' dir='ltr'>videram,</span> <span class='ocrx_word' id='word_1_38' title='bbox 737 711 785 752; x_wconf 91' lang='lat' dir='ltr'>res</span> <span class='ocrx_word' id='word_1_39' title='bbox 810 692 848 753; x_wconf 87' lang='lat' dir='ltr'>ab</span> <span class='ocrx_word' id='word_1_40' title='bbox 872 691 940 752; x_wconf 91' lang='lat' dir='ltr'>aliis</span> <span class='ocrx_word' id='word_1_41' title='bbox 957 712 1018 752; x_wconf 92' lang='lat' dir='ltr'>non</span> <span class='ocrx_word' id='word_1_42' title='bbox 1040 694 1170 754; x_wconf 88' lang='lat' dir='ltr'>traditas</span> 
     </span>
     <span class='ocr_line' id='line_1_7' title="bbox 156 784 406 859; baseline -0.004 -17"><span class='ocrx_word' id='word_1_43' title='bbox 156 785 259 858; x_wconf 90' lang='lat' dir='ltr'>petere</span> <span class='ocrx_word' id='word_1_44' title='bbox 281 784 406 859; x_wconf 78' lang='lat' dir='ltr'>possint.</span> 
     </span>
    </p>

    <p class='ocr_par' dir='ltr' id='par_1_4' title="bbox 143 866 1171 1909">
     <span class='ocr_line' id='line_1_8' title="bbox 223 866 1170 948; baseline 0 -17"><span class='ocrx_word' id='word_1_45' title='bbox 223 870 368 947; x_wconf 74' lang='lat' dir='ltr'>Superest</span> <span class='ocrx_word' id='word_1_46' title='bbox 390 870 597 948; x_wconf 86' lang='lat' dir='ltr'>gratissimum</span> <span class='ocrx_word' id='word_1_47' title='bbox 620 873 658 948; x_wconf 89' lang='lat' dir='ltr'>et,</span> <span class='ocrx_word' id='word_1_48' title='bbox 677 870 750 929; x_wconf 90' lang='lat' dir='ltr'>dum</span> <span class='ocrx_word' id='word_1_49' title='bbox 773 870 865 932; x_wconf 88' lang='lat' dir='ltr'>variis</span> <span class='ocrx_word' id='word_1_50' title='bbox 888 866 982 930; x_wconf 83' lang='lat' dir='ltr'>moris</span> <span class='ocrx_word' id='word_1_51' title='bbox 1005 870 1170 946; x_wconf 88' lang='lat' dir='ltr'>impeditus</span> 
     </span>
     <span class='ocr_line' id='line_1_9' title="bbox 143 959 1170 1037; baseline 0 -18"><span class='ocrx_word' id='word_1_52' title='bbox 143 960 252 1030; x_wconf 85' lang='lat' dir='ltr'>¹multo</span> <span class='ocrx_word' id='word_1_53' title='bbox 279 960 398 1019; x_wconf 89' lang='lat' dir='ltr'>tardius</span> <span class='ocrx_word' id='word_1_54' title='bbox 426 977 518 1037; x_wconf 88' lang='lat' dir='ltr'>quam</span> <span class='ocrx_word' id='word_1_55' title='bbox 541 977 732 1035; x_wconf 75' lang='lat' dir='ltr'>speraveram</span> <span class='ocrx_word' id='word_1_56' title='bbox 755 959 793 1018; x_wconf 89' lang='lat' dir='ltr'>ad</span> <span class='ocrx_word' id='word_1_57' title='bbox 816 960 906 1019; x_wconf 87' lang='lat' dir='ltr'>finem</span> <span class='ocrx_word' id='word_1_58' title='bbox 928 960 1085 1037; x_wconf 82' lang='lat' dir='ltr'>pervenio,</span> <span class='ocrx_word' id='word_1_59' title='bbox 1119 979 1170 1019; x_wconf 91' lang='lat' dir='ltr'>ex·</span> 
     </span>
     <span class='ocr_line' id='line_1_10' title="bbox 156 1047 1171 1125; baseline 0.001 -17"><span class='ocrx_word' id='word_1_60' title='bbox 156 1049 380 1124; x_wconf 86' lang='lat' dir='ltr'>optatissimum</span> <span class='ocrx_word' id='word_1_61' title='bbox 413 1047 547 1107; x_wconf 85' lang='lat' dir='ltr'>officium</span> <span class='ocrx_word' id='word_1_62' title='bbox 579 1048 615 1105; x_wconf 87' lang='lat' dir='ltr'>nt</span> <span class='ocrx_word' id='word_1_63' title='bbox 643 1047 781 1107; x_wconf 86' lang='lat' dir='ltr'>omnibus</span> <span class='ocrx_word' id='word_1_64' title='bbox 807 1047 845 1107; x_wconf 92' lang='lat' dir='ltr'>iis</span> <span class='ocrx_word' id='word_1_65' title='bbox 873 1048 946 1109; x_wconf 89' lang='lat' dir='ltr'>viris</span> <span class='ocrx_word' id='word_1_66' title='bbox 973 1049 1026 1125; x_wconf 90' lang='lat' dir='ltr'>qui</span> <span class='ocrx_word' id='word_1_67' title='bbox 1052 1048 1084 1107; x_wconf 90' lang='lat' dir='ltr'>in</span> <span class='ocrx_word' id='word_1_68' title='bbox 1111 1049 1171 1110; x_wconf 88' lang='lat' dir='ltr'>hac</span> 
     </span>
     <span class='ocr_line' id='line_1_11' title="bbox 156 1136 1171 1213; baseline 0.003 -18"><span class='ocrx_word' id='word_1_69' title='bbox 156 1136 287 1196; x_wconf 77' lang='lat' dir='ltr'>editione</span> <span class='ocrx_word' id='word_1_70' title='bbox 324 1136 497 1196; x_wconf 86' lang='lat' dir='ltr'>adornanda</span> <span class='ocrx_word' id='word_1_71' title='bbox 533 1155 624 1213; x_wconf 87' lang='lat' dir='ltr'>opera</span> <span class='ocrx_word' id='word_1_72' title='bbox 660 1138 691 1196; x_wconf 86' lang='lat' dir='ltr'>et</span> <span class='ocrx_word' id='word_1_73' title='bbox 727 1137 853 1197; x_wconf 88' lang='lat' dir='ltr'>consilio</span> <span class='ocrx_word' id='word_1_74' title='bbox 891 1137 966 1196; x_wconf 91' lang='lat' dir='ltr'>mibi</span> <span class='ocrx_word' id='word_1_75' title='bbox 1005 1137 1171 1198; x_wconf 86' lang='lat' dir='ltr'>adfuerunt</span> 
     </span>
     <span class='ocr_line' id='line_1_12' title="bbox 157 1225 1169 1304; baseline 0.002 -20"><span class='ocrx_word' id='word_1_76' title='bbox 157 1243 232 1302; x_wconf 89' lang='lat' dir='ltr'>quas</span> <span class='ocrx_word' id='word_1_77' title='bbox 255 1225 349 1285; x_wconf 89' lang='lat' dir='ltr'>debeo</span> <span class='ocrx_word' id='word_1_78' title='bbox 372 1225 487 1304; x_wconf 83' lang='lat' dir='ltr'>gratias</span> <span class='ocrx_word' id='word_1_79' title='bbox 508 1225 611 1301; x_wconf 87' lang='lat' dir='ltr'>palam</span> <span class='ocrx_word' id='word_1_80' title='bbox 634 1228 665 1285; x_wconf 88' lang='lat' dir='ltr'>et</span> <span class='ocrx_word' id='word_1_81' title='bbox 688 1245 724 1284; x_wconf 88' lang='lat' dir='ltr'>ex</span> <span class='ocrx_word' id='word_1_82' title='bbox 747 1226 846 1285; x_wconf 87' lang='lat' dir='ltr'>animo</span> <span class='ocrx_word' id='word_1_83' title='bbox 875 1225 1026 1302; x_wconf 89' lang='lat' dir='ltr'>profitear.</span> <span class='ocrx_word' id='word_1_84' title='bbox 1071 1227 1169 1303; x_wconf 89' lang='lat' dir='ltr'>pluri·</span> 
     </span>
     <span class='ocr_line' id='line_1_13' title="bbox 155 1313 1170 1392; baseline 0.002 -20"><span class='ocrx_word' id='word_1_85' title='bbox 155 1334 238 1374; x_wconf 91' lang='lat' dir='ltr'>mum</span> <span class='ocrx_word' id='word_1_86' title='bbox 265 1317 369 1374; x_wconf 90' lang='lat' dir='ltr'>autem</span> <span class='ocrx_word' id='word_1_87' title='bbox 397 1313 649 1373; x_wconf 83' lang='lat' dir='ltr'>bibliothecarum</span> <span class='ocrx_word' id='word_1_88' title='bbox 675 1315 837 1391; x_wconf 88' lang='lat' dir='ltr'>praefectis</span> <span class='ocrx_word' id='word_1_89' title='bbox 866 1314 958 1374; x_wconf 87' lang='lat' dir='ltr'>debeo</span> <span class='ocrx_word' id='word_1_90' title='bbox 982 1315 1034 1392; x_wconf 91' lang='lat' dir='ltr'>qui</span> <span class='ocrx_word' id='word_1_91' title='bbox 1058 1317 1113 1374; x_wconf 86' lang='lat' dir='ltr'>aut</span> <span class='ocrx_word' id='word_1_92' title='bbox 1137 1315 1170 1374; x_wconf 93' lang='lat' dir='ltr'>in</span> 
     </span>
     <span class='ocr_line' id='line_1_14' title="bbox 154 1402 1169 1480; baseline 0.002 -19"><span class='ocrx_word' id='word_1_93' title='bbox 154 1403 227 1480; x_wconf 88' lang='lat' dir='ltr'>ipsis</span> <span class='ocrx_word' id='word_1_94' title='bbox 254 1403 445 1463; x_wconf 89' lang='lat' dir='ltr'>bibliothecis</span> <span class='ocrx_word' id='word_1_95' title='bbox 473 1402 709 1463; x_wconf 85' lang='lat' dir='ltr'>subministratis</span> <span class='ocrx_word' id='word_1_96' title='bbox 738 1403 890 1463; x_wconf 87' lang='lat' dir='ltr'>codicibus</span> <span class='ocrx_word' id='word_1_97' title='bbox 914 1406 969 1462; x_wconf 88' lang='lat' dir='ltr'>aut</span> <span class='ocrx_word' id='word_1_98' title='bbox 991 1422 1109 1463; x_wconf 88' lang='lat' dir='ltr'>summa</span> <span class='ocrx_word' id='word_1_99' title='bbox 1132 1405 1169 1463; x_wconf 91' lang='lat' dir='ltr'>li-</span> 
     </span>
     <span class='ocr_line' id='line_1_15' title="bbox 153 1491 1170 1569; baseline 0.002 -19"><span class='ocrx_word' id='word_1_100' title='bbox 153 1491 314 1552; x_wconf 85' lang='lat' dir='ltr'>beralitate</span> <span class='ocrx_word' id='word_1_101' title='bbox 342 1491 454 1551; x_wconf 82' lang='lat' dir='ltr'>iterum</span> <span class='ocrx_word' id='word_1_102' title='bbox 481 1495 573 1569; x_wconf 87' lang='lat' dir='ltr'>atque</span> <span class='ocrx_word' id='word_1_103' title='bbox 600 1492 712 1551; x_wconf 88' lang='lat' dir='ltr'>iterum</span> <span class='ocrx_word' id='word_1_104' title='bbox 740 1493 922 1553; x_wconf 84' lang='lat' dir='ltr'>transmissis</span> <span class='ocrx_word' id='word_1_105' title='bbox 946 1492 1110 1552; x_wconf 86' lang='lat' dir='ltr'>effecerunt</span> <span class='ocrx_word' id='word_1_106' title='bbox 1133 1496 1170 1552; x_wconf 88' lang='lat' dir='ltr'>ut</span> 
     </span>
     <span class='ocr_line' id='line_1_16' title="bbox 155 1581 1166 1659; baseline 0.002 -20"><span class='ocrx_word' id='word_1_107' title='bbox 155 1582 302 1659; x_wconf 89' lang='lat' dir='ltr'>quomodo</span> <span class='ocrx_word' id='word_1_108' title='bbox 334 1581 418 1640; x_wconf 81' lang='lat' dir='ltr'>Flori</span> <span class='ocrx_word' id='word_1_109' title='bbox 449 1581 541 1642; x_wconf 84' lang='lat' dir='ltr'>rerba</span> <span class='ocrx_word' id='word_1_110' title='bbox 572 1581 686 1641; x_wconf 85' lang='lat' dir='ltr'>tradita</span> <span class='ocrx_word' id='word_1_111' title='bbox 717 1583 818 1640; x_wconf 90' lang='lat' dir='ltr'>essent</span> <span class='ocrx_word' id='word_1_112' title='bbox 846 1582 975 1649; x_wconf 26' lang='lat' dir='ltr'>tandem·</span> <span class='ocrx_word' id='word_1_113' title='bbox 1001 1581 1166 1658; x_wconf 84' lang='lat' dir='ltr'>aliquando</span> 
     </span>
     <span class='ocr_line' id='line_1_17' title="bbox 154 1669 1169 1749; baseline 0 -19"><span class='ocrx_word' id='word_1_114' title='bbox 154 1672 313 1749; x_wconf 87' lang='lat' dir='ltr'>constaret,</span> <span class='ocrx_word' id='word_1_115' title='bbox 337 1689 392 1730; x_wconf 88' lang='lat' dir='ltr'>nee</span> <span class='ocrx_word' id='word_1_116' title='bbox 415 1670 516 1729; x_wconf 91' lang='lat' dir='ltr'>minus</span> <span class='ocrx_word' id='word_1_117' title='bbox 536 1670 604 1729; x_wconf 90' lang='lat' dir='ltr'>aliis</span> <span class='ocrx_word' id='word_1_118' title='bbox 622 1670 794 1730; x_wconf 91' lang='lat' dir='ltr'>hominibus</span> <span class='ocrx_word' id='word_1_119' title='bbox 813 1669 994 1730; x_wconf 90' lang='lat' dir='ltr'>doctissimis</span> <span class='ocrx_word' id='word_1_120' title='bbox 1014 1670 1066 1747; x_wconf 90' lang='lat' dir='ltr'>qni</span> <span class='ocrx_word' id='word_1_121' title='bbox 1084 1669 1169 1730; x_wconf 89' lang='lat' dir='ltr'>baud</span> 
     </span>
     <span class='ocr_line' id='line_1_18' title="bbox 153 1759 1169 1838; baseline 0.001 -20"><span class='ocrx_word' id='word_1_122' title='bbox 153 1778 221 1818; x_wconf 90' lang='lat' dir='ltr'>raro</span> <span class='ocrx_word' id='word_1_123' title='bbox 248 1779 296 1819; x_wconf 88' lang='lat' dir='ltr'>me</span> <span class='ocrx_word' id='word_1_124' title='bbox 324 1759 512 1819; x_wconf 86' lang='lat' dir='ltr'>dubitantem</span> <span class='ocrx_word' id='word_1_125' title='bbox 539 1759 667 1838; x_wconf 90' lang='lat' dir='ltr'>benigne</span> <span class='ocrx_word' id='word_1_126' title='bbox 696 1759 881 1818; x_wconf 90' lang='lat' dir='ltr'>edocuerunt</span> <span class='ocrx_word' id='word_1_127' title='bbox 910 1762 941 1818; x_wconf 94' lang='lat' dir='ltr'>et</span> <span class='ocrx_word' id='word_1_128' title='bbox 963 1778 1092 1836; x_wconf 90' lang='lat' dir='ltr'>quorum</span> <span class='ocrx_word' id='word_1_129' title='bbox 1115 1778 1169 1819; x_wconf 91' lang='lat' dir='ltr'>no·</span> 
     </span>
     <span class='ocr_line' id='line_1_19' title="bbox 153 1848 772 1909; baseline 0 -2"><span class='ocrx_word' id='word_1_130' title='bbox 153 1849 236 1908; x_wconf 90' lang='lat' dir='ltr'>mina</span> <span class='ocrx_word' id='word_1_131' title='bbox 259 1849 322 1908; x_wconf 90' lang='lat' dir='ltr'>suis</span> <span class='ocrx_word' id='word_1_132' title='bbox 344 1848 419 1908; x_wconf 89' lang='lat' dir='ltr'>locis</span> <span class='ocrx_word' id='word_1_133' title='bbox 442 1850 608 1908; x_wconf 83' lang='lat' dir='ltr'>memorata</span> <span class='ocrx_word' id='word_1_134' title='bbox 630 1848 772 1909; x_wconf 84' lang='lat' dir='ltr'>invenies.</span> 
     </span>
    </p>
   </div>
   <div class='ocr_carea' id='block_1_4' title="bbox 199 1971 883 2122">
    <p class='ocr_par' dir='ltr' id='par_1_5' title="bbox 199 1971 883 2122">
     <span class='ocr_line' id='line_1_20' title="bbox 199 1971 883 2049; baseline -0.001 -17"><span class='ocrx_word' id='word_1_135' title='bbox 199 1971 364 2032; x_wconf 85' lang='lat' dir='ltr'>scribebam</span> <span class='ocrx_word' id='word_1_136' title='bbox 386 1971 560 2049; x_wconf 87' lang='lat' dir='ltr'>Regimonti</span> <span class='ocrx_word' id='word_1_137' title='bbox 581 1972 761 2031; x_wconf 86' lang='lat' dir='ltr'>Prussorum</span> <span class='ocrx_word' id='word_1_138' title='bbox 783 1990 883 2031; x_wconf 90' lang='lat' dir='ltr'>mense</span> 
     </span>
     <span class='ocr_line' id='line_1_21' title="bbox 259 2059 827 2122; baseline -0.004 -3"><span class='ocrx_word' id='word_1_139' title='bbox 259 2060 409 2119; x_wconf 90' lang='lat' dir='ltr'>decembri</span> <span class='ocrx_word' id='word_1_140' title='bbox 427 2060 498 2119; x_wconf 90' lang='lat' dir='ltr'>anni</span> <span class='ocrx_word' id='word_1_141' title='bbox 520 2059 827 2122; x_wconf 77' lang='lat' dir='ltr'>MDOOOLXXXXV.</span> 
     </span>
    </p>
   </div>
   <div class='ocr_carea' id='block_1_5' title="bbox 152 2245 1168 3167">
    <p class='ocr_par' dir='ltr' id='par_1_6' title="bbox 152 2245 1168 3167">
     <span class='ocr_line' id='line_1_22' title="bbox 153 2245 1168 2320; baseline 0.004 -22"><span class='ocrx_word' id='word_1_142' title='bbox 153 2248 259 2315; x_wconf 87' lang='lat' dir='ltr'>guntur</span> <span class='ocrx_word' id='word_1_143' title='bbox 273 2262 336 2299; x_wconf 90' lang='lat' dir='ltr'>cum</span> <span class='ocrx_word' id='word_1_144' title='bbox 349 2245 491 2300; x_wconf 81' lang='lat' dir='ltr'>Iuvenalis</span> <span class='ocrx_word' id='word_1_145' title='bbox 505 2250 540 2316; x_wconf 85' lang='lat'>(6,</span> <span class='ocrx_word' id='word_1_146' title='bbox 552 2251 616 2313; x_wconf 80' lang='lat'>545;</span> <span class='ocrx_word' id='word_1_147' title='bbox 632 2253 674 2315; x_wconf 79' lang='lat'>14,</span> <span class='ocrx_word' id='word_1_148' title='bbox 686 2249 729 2317; x_wconf 75' lang='lat'>97)</span> <span class='ocrx_word' id='word_1_149' title='bbox 744 2249 774 2301; x_wconf 89' lang='lat' dir='ltr'>et</span> <span class='ocrx_word' id='word_1_150' title='bbox 782 2246 908 2301; x_wconf 88' lang='lat' dir='ltr'>Petronii</span> <span class='ocrx_word' id='word_1_151' title='bbox 918 2246 960 2318; x_wconf 89' lang='lat' dir='ltr'>(fr.</span> <span class='ocrx_word' id='word_1_152' title='bbox 971 2253 1013 2316; x_wconf 79' lang='lat'>3‘1,</span> <span class='ocrx_word' id='word_1_153' title='bbox 1025 2254 1040 2300; x_wconf 85' lang='lat'><strong>2</strong></span> <span class='ocrx_word' id='word_1_154' title='bbox 1051 2247 1168 2320; x_wconf 89' lang='lat' dir='ltr'>Buech.)</span> 
     </span>
     <span class='ocr_line' id='line_1_23' title="bbox 153 2315 1167 2387; baseline 0.003 -16"><span class='ocrx_word' id='word_1_155' title='bbox 153 2315 281 2371; x_wconf 83' lang='lat' dir='ltr'>versibus</span> <span class='ocrx_word' id='word_1_156' title='bbox 291 2317 362 2370; x_wconf 88' lang='lat' dir='ltr'>bene</span> <span class='ocrx_word' id='word_1_157' title='bbox 373 2317 529 2385; x_wconf 87' lang='lat' dir='ltr'>convenire,</span> <span class='ocrx_word' id='word_1_158' title='bbox 543 2334 599 2372; x_wconf 93' lang='lat' dir='ltr'>non</span> <span class='ocrx_word' id='word_1_159' title='bbox 612 2317 681 2372; x_wconf 87' lang='lat' dir='ltr'>itam</span> <span class='ocrx_word' id='word_1_160' title='bbox 693 2335 757 2372; x_wconf 89' lang='lat' dir='ltr'>eum</span> <span class='ocrx_word' id='word_1_161' title='bbox 770 2318 808 2372; x_wconf 88' lang='lat' dir='ltr'>Le</span> <span class='ocrx_word' id='word_1_162' title='bbox 818 2317 926 2387; x_wconf 88' lang='lat' dir='ltr'>Moynii</span> <span class='ocrx_word' id='word_1_163' title='bbox 936 2317 1085 2386; x_wconf 88' lang='lat' dir='ltr'>Iabniiqne</span> <span class='ocrx_word' id='word_1_164' title='bbox 1099 2335 1167 2374; x_wconf 91' lang='lat' dir='ltr'>con-</span> 
     </span>
     <span class='ocr_line' id='line_1_24' title="bbox 153 2386 1168 2458; baseline 0.006 -18"><span class='ocrx_word' id='word_1_165' title='bbox 153 2387 267 2441; x_wconf 88' lang='lat' dir='ltr'>iecturis</span> <span class='ocrx_word' id='word_1_166' title='bbox 290 2386 407 2443; x_wconf 90' lang='lat' dir='ltr'>Diodori</span> <span class='ocrx_word' id='word_1_167' title='bbox 429 2387 545 2442; x_wconf 85' lang='lat' dir='ltr'>XXXIV</span> <span class='ocrx_word' id='word_1_168' title='bbox 563 2394 622 2458; x_wconf 81' lang='lat' dir='ltr'>1,a</span> <span class='ocrx_word' id='word_1_169' title='bbox 645 2388 820 2457; x_wconf 86' lang='lat' dir='ltr'>aliorumque</span> <span class='ocrx_word' id='word_1_170' title='bbox 842 2389 912 2443; x_wconf 85' lang='lat' dir='ltr'>locis</span> <span class='ocrx_word' id='word_1_171' title='bbox 931 2389 1042 2444; x_wconf 90' lang='lat' dir='ltr'>innixis</span> <span class='ocrx_word' id='word_1_172' title='bbox 1079 2388 1168 2446; x_wconf 82' lang='lat' dir='ltr'>Grae-</span> 
     </span>
     <span class='ocr_line' id='line_1_25' title="bbox 154 2457 1167 2530; baseline 0.005 -18"><span class='ocrx_word' id='word_1_173' title='bbox 154 2475 250 2512; x_wconf 89' lang='lat' dir='ltr'>corum</span> <span class='ocrx_word' id='word_1_174' title='bbox 263 2457 431 2528; x_wconf 88' lang='lat' dir='ltr'>scriptorum</span> <span class='ocrx_word' id='word_1_175' title='bbox 444 2461 530 2514; x_wconf 86' lang='lat' dir='ltr'>verba</span> <span class='ocrx_word' id='word_1_176' title='bbox 544 2476 578 2514; x_wconf 89' lang='lat' dir='ltr'>ex</span> <span class='ocrx_word' id='word_1_177' title='bbox 592 2459 693 2528; x_wconf 86' lang='lat' dir='ltr'>quibus</span> <span class='ocrx_word' id='word_1_178' title='bbox 710 2463 740 2515; x_wconf 94' lang='lat' dir='ltr'>et</span> <span class='ocrx_word' id='word_1_179' title='bbox 757 2459 826 2530; x_wconf 86' lang='lat' dir='ltr'>ipsis</span> <span class='ocrx_word' id='word_1_180' title='bbox 846 2461 938 2515; x_wconf 87' lang='lat' dir='ltr'>elucet</span> <span class='ocrx_word' id='word_1_181' title='bbox 952 2460 1090 2515; x_wconf 85' lang='lat' dir='ltr'>creditum</span> <span class='ocrx_word' id='word_1_182' title='bbox 1104 2477 1167 2518; x_wconf 86' lang='lat' dir='ltr'>csse</span> 
     </span>
     <span class='ocr_line' id='line_1_26' title="bbox 158 2528 1166 2602; baseline 0.004 -18"><span class='ocrx_word' id='word_1_183' title='bbox 158 2528 289 2597; x_wconf 71' lang='grc' dir='ltr'><em>Οὐρανόν</em></span> <span class='ocrx_word' id='word_1_184' title='bbox 308 2546 325 2583; x_wconf 88' lang='lat' dir='ltr'>a</span> <span class='ocrx_word' id='word_1_185' title='bbox 342 2529 453 2584; x_wconf 86' lang='lat' dir='ltr'>Iudaeis</span> <span class='ocrx_word' id='word_1_186' title='bbox 473 2530 528 2585; x_wconf 92' lang='lat' dir='ltr'>coli</span> <span class='ocrx_word' id='word_1_187' title='bbox 546 2530 634 2586; x_wconf 87' lang='lat' dir='ltr'>allata</span> <span class='ocrx_word' id='word_1_188' title='bbox 653 2530 779 2586; x_wconf 83' lang='lat' dir='ltr'>invenies</span> <span class='ocrx_word' id='word_1_189' title='bbox 793 2531 824 2585; x_wconf 90' lang='lat' dir='ltr'>in</span> <span class='ocrx_word' id='word_1_190' title='bbox 838 2530 982 2586; x_wconf 88' lang='lat' dir='ltr'>doctrinae</span> <span class='ocrx_word' id='word_1_191' title='bbox 1001 2531 1166 2602; x_wconf 87' lang='lat' dir='ltr'>plenissimo</span> 
     </span>
     <span class='ocr_line' id='line_1_27' title="bbox 153 2600 1167 2672; baseline 0.004 -18"><span class='ocrx_word' id='word_1_192' title='bbox 153 2601 183 2655; x_wconf 93' lang='lat' dir='ltr'>L.</span> <span class='ocrx_word' id='word_1_193' title='bbox 202 2600 413 2655; x_wconf 85' lang='lat' dir='ltr'>Friedlaenderi</span> <span class='ocrx_word' id='word_1_194' title='bbox 431 2601 468 2655; x_wconf 88' lang='lat' dir='ltr'>ad</span> <span class='ocrx_word' id='word_1_195' title='bbox 486 2601 646 2657; x_wconf 82' lang='lat' dir='ltr'>Iuvenalem</span> <span class='ocrx_word' id='word_1_196' title='bbox 665 2609 697 2672; x_wconf 84' lang='lat'>6,</span> <span class='ocrx_word' id='word_1_197' title='bbox 712 2608 764 2657; x_wconf 79' lang='lat'>545</span> <span class='ocrx_word' id='word_1_198' title='bbox 783 2603 991 2658; x_wconf 89' lang='lat' dir='ltr'>commentario.</span> <span class='ocrx_word' id='word_1_199' title='bbox 1025 2603 1056 2656; x_wconf 91' lang='lat' dir='ltr'>in</span> <span class='ocrx_word' id='word_1_200' title='bbox 1074 2603 1167 2658; x_wconf 86' lang='lat' dir='ltr'>vicem</span> 
     </span>
     <span class='ocr_line' id='line_1_28' title="bbox 152 2672 1167 2744; baseline 0.004 -19"><span class='ocrx_word' id='word_1_201' title='bbox 152 2672 294 2726; x_wconf 85' lang='lat' dir='ltr'>Iuvenalis</span> <span class='ocrx_word' id='word_1_202' title='bbox 313 2689 409 2726; x_wconf 86' lang='lat' dir='ltr'>versus</span> <span class='ocrx_word' id='word_1_203' title='bbox 429 2672 478 2741; x_wconf 91' lang='lat' dir='ltr'>qui</span> <span class='ocrx_word' id='word_1_204' title='bbox 495 2673 640 2743; x_wconf 86' lang='lat' dir='ltr'>praecedit</span> <span class='ocrx_word' id='word_1_205' title='bbox 658 2677 687 2728; x_wconf 92' lang='lat' dir='ltr'>et</span> <span class='ocrx_word' id='word_1_206' title='bbox 705 2690 787 2742; x_wconf 92' lang='lat' dir='ltr'>quem</span> <span class='ocrx_word' id='word_1_207' title='bbox 807 2674 866 2728; x_wconf 89' lang='lat' dir='ltr'>eius</span> <span class='ocrx_word' id='word_1_208' title='bbox 884 2674 1051 2744; x_wconf 87' lang='lat' dir='ltr'>interpretes</span> <span class='ocrx_word' id='word_1_209' title='bbox 1071 2691 1101 2728; x_wconf 89' lang='lat' dir='ltr'>se</span> <span class='ocrx_word' id='word_1_210' title='bbox 1122 2675 1167 2729; x_wconf 92' lang='lat' dir='ltr'>in-</span> 
     </span>
     <span class='ocr_line' id='line_1_29' title="bbox 152 2743 1168 2814; baseline 0.005 -16"><span class='ocrx_word' id='word_1_211' title='bbox 152 2743 286 2813; x_wconf 87' lang='lat' dir='ltr'>tellegere</span> <span class='ocrx_word' id='word_1_212' title='bbox 312 2746 419 2813; x_wconf 89' lang='lat' dir='ltr'>negant</span> <span class='ocrx_word' id='word_1_213' title='bbox 445 2744 537 2798; x_wconf 88' lang='lat' dir='ltr'>lucem</span> <span class='ocrx_word' id='word_1_214' title='bbox 564 2743 668 2814; x_wconf 86' lang='lat' dir='ltr'>accipit</span> <span class='ocrx_word' id='word_1_215' title='bbox 695 2762 713 2800; x_wconf 88' lang='lat' dir='ltr'>a</span> <span class='ocrx_word' id='word_1_216' title='bbox 735 2744 826 2814; x_wconf 84' lang='lat' dir='ltr'>Floro,</span> <span class='ocrx_word' id='word_1_217' title='bbox 855 2761 919 2798; x_wconf 92' lang='lat' dir='ltr'>cum</span> <span class='ocrx_word' id='word_1_218' title='bbox 941 2745 1018 2798; x_wconf 89' lang='lat' dir='ltr'>illius</span> <span class='ocrx_word' id='word_1_219' title='bbox 1042 2748 1168 2802; x_wconf 81' lang='lat' dir='ltr'>arborem</span> 
     </span>
     <span class='ocr_line' id='line_1_30' title="bbox 152 2815 1167 2886; baseline 0.004 -18"><span class='ocrx_word' id='word_1_220' title='bbox 152 2815 272 2869; x_wconf 85' lang='lat' dir='ltr'>eandem</span> <span class='ocrx_word' id='word_1_221' title='bbox 294 2818 379 2883; x_wconf 86' lang='lat' dir='ltr'>atque</span> <span class='ocrx_word' id='word_1_222' title='bbox 402 2833 514 2870; x_wconf 68' lang='lat' dir='ltr'>ardeam</span> <span class='ocrx_word' id='word_1_223' title='bbox 532 2818 612 2871; x_wconf 71' lang='lat' dir='ltr'>odem</span> <span class='ocrx_word' id='word_1_224' title='bbox 634 2832 695 2870; x_wconf 85' lang='lat' dir='ltr'>essa</span> <span class='ocrx_word' id='word_1_225' title='bbox 717 2819 822 2886; x_wconf 87' lang='lat' dir='ltr'>pateat.</span> <span class='ocrx_word' id='word_1_226' title='bbox 853 2848 885 2857; x_wconf 96' lang='lat'>—</span> <span class='ocrx_word' id='word_1_227' title='bbox 913 2816 983 2871; x_wconf 87' lang='lat' dir='ltr'>alios</span> <span class='ocrx_word' id='word_1_228' title='bbox 1006 2815 1083 2882; x_wconf 86' lang='lat' dir='ltr'>locos</span> <span class='ocrx_word' id='word_1_229' title='bbox 1102 2817 1167 2886; x_wconf 92' lang='lat' dir='ltr'>qui·</span> 
     </span>
     <span class='ocr_line' id='line_1_31' title="bbox 152 2885 1166 2956; baseline 0.004 -16"><span class='ocrx_word' id='word_1_230' title='bbox 152 2887 205 2940; x_wconf 88' lang='lat' dir='ltr'>bus</span> <span class='ocrx_word' id='word_1_231' title='bbox 223 2885 321 2940; x_wconf 84' lang='lat' dir='ltr'>Florus</span> <span class='ocrx_word' id='word_1_232' title='bbox 341 2886 376 2940; x_wconf 90' lang='lat' dir='ltr'>dc</span> <span class='ocrx_word' id='word_1_233' title='bbox 394 2888 477 2941; x_wconf 90' lang='lat' dir='ltr'>rebus</span> <span class='ocrx_word' id='word_1_234' title='bbox 495 2887 647 2941; x_wconf 84' lang='lat' dir='ltr'>maximam</span> <span class='ocrx_word' id='word_1_235' title='bbox 668 2889 777 2956; x_wconf 88' lang='lat' dir='ltr'>partem</span> <span class='ocrx_word' id='word_1_236' title='bbox 801 2887 837 2941; x_wconf 89' lang='lat' dir='ltr'>ab</span> <span class='ocrx_word' id='word_1_237' title='bbox 861 2904 894 2941; x_wconf 89' lang='lat' dir='ltr'>eo</span> <span class='ocrx_word' id='word_1_238' title='bbox 918 2886 977 2942; x_wconf 91' lang='lat' dir='ltr'>solo</span> <span class='ocrx_word' id='word_1_239' title='bbox 1000 2889 1166 2944; x_wconf 86' lang='lat' dir='ltr'>memoratis</span> 
     </span>
     <span class='ocr_line' id='line_1_32' title="bbox 153 2956 1167 3028; baseline 0.002 -16"><span class='ocrx_word' id='word_1_240' title='bbox 153 2956 211 3012; x_wconf 86' lang='lat' dir='ltr'>alia</span> <span class='ocrx_word' id='word_1_241' title='bbox 233 2957 292 3011; x_wconf 90' lang='lat' dir='ltr'>iam</span> <span class='ocrx_word' id='word_1_242' title='bbox 313 2957 403 3011; x_wconf 88' lang='lat' dir='ltr'>tradit</span> <span class='ocrx_word' id='word_1_243' title='bbox 424 2957 470 3012; x_wconf 83' lang='lat' dir='ltr'>vel</span> <span class='ocrx_word' id='word_1_244' title='bbox 494 2957 645 3012; x_wconf 85' lang='lat' dir='ltr'>tradidisse</span> <span class='ocrx_word' id='word_1_245' title='bbox 663 2957 776 3012; x_wconf 83' lang='lat' dir='ltr'>videtur</span> <span class='ocrx_word' id='word_1_246' title='bbox 794 2961 879 3027; x_wconf 86' lang='lat' dir='ltr'>atquc</span> <span class='ocrx_word' id='word_1_247' title='bbox 897 2957 928 3011; x_wconf 89' lang='lat' dir='ltr'>in</span> <span class='ocrx_word' id='word_1_248' title='bbox 945 2957 1086 3028; x_wconf 87' lang='lat' dir='ltr'>prioribus</span> <span class='ocrx_word' id='word_1_249' title='bbox 1106 2960 1167 3014; x_wconf 89' lang='lat' dir='ltr'>edi-</span> 
     </span>
     <span class='ocr_line' id='line_1_33' title="bbox 152 3027 1166 3153; baseline 0.004 -71"><span class='ocrx_word' id='word_1_250' title='bbox 152 3028 279 3153; x_wconf 52' lang='lat' dir='ltr'>noniblug</span> <span class='ocrx_word' id='word_1_251' title='bbox 300 3027 426 3083; x_wconf 81' lang='lat' dir='ltr'>invenies</span> <span class='ocrx_word' id='word_1_252' title='bbox 449 3048 475 3098; x_wconf 85' lang='lat' dir='ltr'>p.</span> <span class='ocrx_word' id='word_1_253' title='bbox 492 3035 538 3098; x_wconf 75' lang='lat' dir='ltr'>aa,</span> <span class='ocrx_word' id='word_1_254' title='bbox 558 3035 587 3097; x_wconf 72' lang='lat'>6³</span> <span class='ocrx_word' id='word_1_255' title='bbox 620 3034 667 3099; x_wconf 80' lang='lat' dir='ltr'>ar,</span> <span class='ocrx_word' id='word_1_256' title='bbox 686 3035 733 3097; x_wconf 72' lang='lat'>203</span> <span class='ocrx_word' id='word_1_257' title='bbox 766 3035 808 3098; x_wconf 81' lang='lat'>92,</span> <span class='ocrx_word' id='word_1_258' title='bbox 824 3036 853 3099; x_wconf 73' lang='lat'>53</span> <span class='ocrx_word' id='word_1_259' title='bbox 883 3035 1008 3100; x_wconf 81' lang='lat'>169,13;</span> <span class='ocrx_word' id='word_1_260' title='bbox 1041 3036 1100 3100; x_wconf 77' lang='lat'>175,</span> <span class='ocrx_word' id='word_1_261' title='bbox 1118 3038 1166 3102; x_wconf 83' lang='lat'>11;</span> 
     </span>
     <span class='ocr_line' id='line_1_34' title="bbox 153 3099 298 3167; baseline 0 -14"><span class='ocrx_word' id='word_1_262' title='bbox 153 3106 202 3167; x_wconf 77' lang='lat'>153</span> <span class='ocrx_word' id='word_1_263' title='bbox 221 3099 260 3153; x_wconf 80' lang='lat' dir='ltr'>ai</span> <span class='ocrx_word' id='word_1_264' title='bbox 280 3099 298 3153; x_wconf 85' lang='lat' dir='ltr'>i.</span> 
     </span>
    </p>
   </div>
   <div class='ocr_carea' id='block_1_6' title="bbox 552 3319 764 3330">
    <p class='ocr_par' dir='ltr' id='par_1_7' title="bbox 552 3319 764 3330">
     <span class='ocr_line' id='line_1_35' title="bbox 552 3319 764 3330; baseline 0 0"><span class='ocrx_word' id='word_1_265' title='bbox 552 3319 764 3330; x_wconf 49' lang='lat' dir='ltr'><strong>*flu——</strong></span> 
     </span>
    </p>
   </div>
   <div class='ocr_carea' id='block_1_7' title="bbox 0 0 1222 3826">
    <p class='ocr_par' dir='ltr' id='par_1_8' title="bbox 0 0 1222 3826">
     <span class='ocr_line' id='line_1_36' title="bbox 0 0 1222 3826; baseline 0 2"><span class='ocrx_word' id='word_1_266' title='bbox 0 0 1222 3826; x_wconf 95' lang='lat' dir='ltr'> </span> 
     </span>
    </p>
   </div>
  </div>
 </body>
</html>
