2436 3826
150 199 199 253 LX
462 204 663 255 PRAEFATIO
682 203 851 255 EDITORIS
919 202 922 207 '

151 368 173 428 O
198 368 352 444 Objmpam
374 368 414 447 B,
444 371 520 446 153,
546 372 585 430 13
613 370 728 429 Pteros
753 370 780 427 B
807 369 927 428 Pharas
950 368 988 447 O,
1014 372 1093 446 101,
1121 372 1161 429 21

149 457 324 518 PbasdmO
342 458 492 518 Phaselim
509 459 543 537 B,
564 462 636 536 174,
657 461 696 518 16
716 455 808 517 Albim
827 459 851 516 B
870 456 991 517 Albima
1008 458 1045 519 N.
1064 477 1166 536 neque

150 543 288 608 dubitavi
312 549 448 607 astudam
471 539 526 629 (B)
550 548 599 607 vel
622 549 780 607 astamdam
802 538 855 629 (Ο)
878 547 910 606 in
931 545 1082 607 Ascme'cta
1105 539 1163 630 (B)

150 637 307 714 corrigere,
339 636 510 696 Lemadam
534 628 589 718 (B)
616 636 648 695 in
676 636 829 712 Leucada,
862 636 1100 712 lbraspmmmms
1133 640 1166 697 et

149 725 250 801 Sylla,
287 725 397 803 quibus
429 725 600 785 nominibus
632 725 740 785 Florus
775 725 875 785 nescio
908 725 982 802 quid
1015 724 1165 786 Graecum

149 814 246 875 inesse
268 814 411 891 putabat,
440 833 475 872 ex
498 813 651 874 codicibus
677 815 809 891 recipere
840 817 932 891 atque
956 815 1030 874 adeo
1055 833 1163 874 eorun-

150 903 218 962 dem
247 903 377 981 vestigia
405 906 528 962 secutus
554 903 770 978 Eleythernan,
797 903 935 980 quamvis
957 903 1082 963 Iahnius
1111 905 1164 964 ob-

149 992 271 1051 locutus
290 992 330 1051 sit
349 984 392 1072 (p.
406 983 528 1074 XXXI),
548 995 579 1052 91
596 993 627 1050 in
645 992 743 1051 indice
763 992 1006 1069 matemalaeosts
1025 991 1164 1056 scribere.

150 1079 376 1156 adstipulantur
389 1079 469 1139 enim
482 1098 551 1141 cum
565 1081 677 1141 similes
690 1082 805 1141 formae
819 1081 900 1157 apud
914 1081 989 1141 alios
999 1080 1161 1161 scriptores

150 1169 235 1229 velut
253 1169 335 1246 apud
354 1169 498 1228 Senecam
516 1169 638 1247 Thyest.
658 1172 698 1230 87
703 1172 721 1228 2
743 1169 911 1246 0111110111
932 1172 963 1229 91
981 1171 1067 1247 epist.
1087 1190 1164 1234 mor.

149 1257 209 1315 XII
229 1261 257 1336 1,
278 1259 319 1316 14
340 1259 494 1317 lteraim'ae
511 1260 648 1319 11111119
656 1250 690 1340 ¹),
712 1261 779 1317 tum
803 1259 833 1318 id
855 1260 936 1337 quod
958 1259 1020 1320 iam
1042 1264 1165 1321 constat

150 1345 219 1405 inde
253 1365 271 1405 a
297 1346 442 1406 Varronis
477 1347 662 1423 temporibus
695 1349 726 1407 91
758 1350 848 1407 aucta
882 1349 1027 1407 sermonis
1055 1346 1163 1409 Graeci

149 1435 259 1511 peritia
291 1435 401 1494 sensim
433 1437 554 1494 auctam
587 1436 679 1495 etiam
712 1453 775 1495 esse
805 1436 887 1512 apud
914 1437 1075 1513 scriptores
1102 1438 1164 1499 Ro·

149 1542 254 1583 manos
276 1524 309 1584 in
330 1523 502 1584 nominibus
522 1523 643 1584 Graecis
667 1525 828 1585 scribendis
847 1525 1044 1604 diligentiam,
1068 1526 1163 1586 donec
1200 1540 1202 1544 '

149 1613 261 1674 Fronto
286 1613 398 1691 aliique
422 1614 461 1673 ad
483 1617 637 1675 vetustam
658 1615 807 1680 rationem
826 1633 862 1672 ea
880 1615 919 1673 ad
937 1615 1020 1692 leges
1038 1614 1164 1693 linguae

150 1721 222 1762 suae
254 1702 436 1764 immutandi
467 1703 606 1764 redirent.
654 1706 720 1763 erat
747 1721 815 1762 oum
842 1703 898 1762 hac
926 1703 957 1761 in
984 1723 1017 1762 re
1048 1723 1117 1763 eum
1147 1725 1165 1764 a

150 1811 210 1868 quo
238 1792 369 1852 recensio
398 1792 567 1850 Nazariana
593 1793 728 1870 profecta
755 1795 802 1851 est
828 1791 949 1870 longius
979 1793 1162 1869 processisse

149 1881 309 1954 crederem,
332 1881 384 1940 sed
406 1880 471 1939 fieri
493 1883 595 1957 potest
616 1884 654 1940 nt
675 1881 797 1940 nomina
819 1880 1005 1954 Isaaraamme
1028 1872 1071 1962 (p.
1088 1884 1163 1958 101,

150 1961 208 2050 21)
231 1972 263 2028 et
284 1968 413 2044 Sarmas
435 1961 479 2050 (p.
501 1972 579 2045 111,
600 1972 639 2028 21
664 1988 719 2046 pro
742 1961 887 2051 Sarmas)
910 1970 942 2028 in
966 1969 988 2028 O
1012 1971 1076 2030 1010
1101 1988 1163 2030 ser-

149 2061 221 2117 vata
248 2057 286 2115 ab
314 2056 379 2133 ipso
409 2057 499 2117 Floro
528 2057 675 2135 originem
701 2059 821 2118 ducant.
869 2058 1009 2118 similiter
1035 2059 1103 2118 aliis
1132 2061 1165 2119 in

149 2145 238 2204 rebus
265 2146 352 2206 velut
378 2145 410 2204 in
432 2145 691 2222 praepositionum
714 2165 781 2205 cum
807 2148 903 2208 verbis
934 2148 1164 2208 coniunctamm

150 2234 375 2312 assimilatione,
398 2234 431 2292 in
453 2234 606 2294 nominum
630 2236 821 2312 propriorum
845 2237 970 2296 diversis
993 2236 1107 2316 formis,
1130 2238 1163 2297 in

149 2323 161 2381 i
182 2323 291 2401 longae
315 2315 356 2404 (t)
382 2324 532 2399 positione
560 2323 768 2401 similibusque
798 2325 829 2383 in
852 2325 988 2385 minutiis
1012 2330 1162 2404 quantum

150 2411 240 2470 licuit
267 2411 450 2489 optimorum
480 2412 624 2472 librorum
647 2413 778 2491 vestigia
799 2415 904 2490 pressi.
949 2434 1018 2474 nam
1042 2419 1165 2476 constet

148 2503 265 2560 veteres
293 2501 383 2578 longe
412 2500 546 2560 abfuisse
574 2501 611 2561 ab
642 2521 678 2560 ea
701 2521 790 2579 quam
816 2503 940 2578 plurimi
963 2504 1093 2563 editores
1115 2505 1162 2564 in-

149 2589 315 2650 stituerunt
333 2589 551 2667 aequabilitate
573 2609 671 2668 neque
696 2591 782 2652 video
805 2609 859 2650 cur
882 2611 950 2669 non,
974 2611 1043 2651 cum
1066 2593 1162 2653 simil-

149 2679 223 2738 lima
249 2679 281 2738 in
307 2679 408 2739 titulis
435 2679 659 2741 accuratissime
687 2680 789 2741 incisis
817 2684 854 2741 ut
875 2683 1069 2740 monumento
1098 2681 1162 2742 An·

149 2786 259 2845 cyrano
274 2768 495 2828 commentariis
511 2768 641 2828 deludis
666 2769 870 2829 saecularibus
885 2768 1006 2828 Claudii
1024 2770 1162 2831 oratione

148 2856 367 2934 Lugudunensi
388 2858 581 2934 eiusdemque
604 2858 723 2918 decreto
747 2859 784 2917 de
802 2857 939 2917 Anaunis
960 2854 1161 2938 reperiantur,

149 2946 181 3003 in
213 2946 365 3006 codicibus
402 2947 531 3006 traditas
563 2947 675 3006 formas
708 2948 782 3006 redit
807 2949 882 3019 petit
911 2950 987 3021 repis
1021 2946 1163 3019 Corinthi,

149 3034 222 3093 alibi
246 3036 362 3109 matema
385 3037 525 3110 comttpere
552 3031 626 3095 alibi
648 3037 755 3110 coltepa
778 3036 916 3109 cottiaere,
940 3035 1014 3094 alibi
1038 3036 1164 3099 amant

149 3123 222 3182 alibi
247 3124 405 3193 Teutonas,
432 3125 617 3184 Dalmatiam
645 3128 676 3184 et
696 3125 863 3192 Delmatae,
892 3125 984 3184 etiam
1013 3129 1101 3186 notas
1124 3131 1163 3188 ut

144 3300 273 3360 pareant,
300 3295 464 3360 comoertmit,
491 3310 649 3362 cmnparam
671 3309 705 3346 ex
727 3292 892 3348 laudatione
916 3293 1053 3349 Matidiae
1080 3296 1163 3364 (mb-

47 3403 50 3409 .
148 3361 244 3417 handl.
260 3363 286 3418 d.
301 3363 457 3418 Akademie
476 3363 502 3417 d.
518 3363 604 3419 Wiss.¹
618 3382 652 3418 zu
670 3363 776 3418 Berlin'
793 3370 870 3432 1863,
889 3383 915 3435 p.
931 3368 1007 3435 485):
1026 3373 1164 3438 optumae,

148 3435 283 3506 atti[met],
301 3437 344 3489 ati
361 3436 432 3488 mihil
449 3452 586 3504 amquam.

216 3508 246 3571 1)
269 3505 319 3560 ‘De
336 3505 460 3560 Senecae
474 3523 578 3561 recens.
594 3509 623 3561 91
637 3507 787 3561 emendat!
804 3524 830 3575 p.
848 3511 898 3560 127
909 3523 948 3575 sq.
964 3507 1041 3562 idem
1055 3508 1164 3566 Seneca

63 3560 68 3567 ’
128 3569 231 3625 Troad.
249 3580 307 3628 617
326 3576 533 3647 Cephallanum
550 3578 655 3650 habet,
671 3577 774 3634 11111111
789 3597 820 3648 p.
834 3583 866 3631 b't
877 3620 885 3646 ,
895 3583 931 3629 ib
950 3578 1171 3644 Cephallaniam
