2436 3826
449 217 475 286 1,
494 221 536 270 40.
556 221 589 269 41
610 214 671 287 (111,
691 218 778 286 5-o).
1057 215 1119 278 101

112 381 253 460 Pompeio
277 383 351 443 duce
375 382 406 443 P.
429 383 462 443 u.
486 390 587 465 totam,
610 403 668 463 qua
690 383 833 444 latissima
856 389 910 463 est,
933 382 1031 442 Asiam
1054 401 1120 461 per-

112 478 242 551 vagatus
266 490 354 551 quam
377 478 540 532 extremam
563 473 682 551 imperii
704 472 831 533 habebat
852 472 1034 550 provinciam
1059 489 1121 530 me-

114 560 192 620 diam
211 560 289 621 lecit.
327 563 458 639 exceptis
478 564 587 640 quippe
605 561 731 642 Parthis,
753 564 804 640 qui
822 561 927 621 foedus
945 559 1122 640 maluerunt,

114 656 144 708 et
170 648 265 728 Indis,
294 653 346 728 qui
374 649 468 710 adhuc
495 668 550 710 nos
573 669 628 711 nec
651 659 806 731 noverant,
832 652 928 710 omnis
951 649 1020 708 Asia
1043 651 1123 708 inter

88 737 239 798 srubrum
266 746 296 798 et
324 739 463 817 Caspium
491 746 521 798 et
549 738 699 800 Oceanum
722 739 909 819 Pompeianis
938 739 1048 799 domita
1076 735 1122 796 vel

114 844 256 905 oppressa
280 830 373 906 signis
396 826 562 888 tenebatur.

374 1023 446 1084 XLI.
479 1022 628 1084 BELLVM
651 1023 859 1085 PIRATICVM.

181 1148 304 1208 Interim
336 1168 404 1210 cum
431 1148 461 1209 P.
489 1149 522 1210 R.
555 1168 610 1228 per
642 1149 757 1209 diversa
788 1155 938 1209 terrarum
969 1148 1122 1208 districtus
1132 1158 1180 1224 ΠΙ,
1207 1146 1218 1199 i

117 1244 171 1316 est,
198 1236 304 1298 Cilices
323 1240 491 1299 invaserant
508 1240 601 1299 maria
621 1237 803 1317 sublatisque
823 1239 1018 1317 commerciis,
1038 1242 1125 1314 rupto

78 1342 104 1382 1o
118 1325 237 1385 loedere
261 1330 378 1404 generis
401 1327 536 1409 humani,
560 1329 603 1388 sic
626 1329 719 1387 maria
741 1326 819 1387 hello
843 1329 928 1405 quasi
950 1331 1125 1405 tempestate

117 1414 346 1492 praecluserant.
398 1417 549 1477 audaciam
585 1416 709 1495 perditis
746 1416 926 1493 furiosisque
960 1413 1160 1475 latronibusa

118 1503 206 1563 dabat
228 1505 361 1582 inquieta
383 1504 590 1565 Mithridaticis
613 1505 736 1584 proeliis
759 1504 841 1583 Asia,
865 1497 935 1564 dum
959 1503 1013 1564 suh
1037 1502 1127 1562 alieni

117 1590 188 1652 belli
220 1591 349 1652 tumultu
380 1596 532 1673 exterique
561 1595 642 1673 regis
669 1593 780 1653 invidia
808 1595 919 1671 inpune
947 1598 1125 1670 grassantur.

119 1699 151 1740 ac
184 1683 314 1760 primum
342 1682 416 1742 duce
443 1683 557 1742 isidoro
586 1684 717 1742 contenti
743 1684 878 1760 proximo
906 1682 982 1740 mari
1009 1680 1161 1741 Cretam3

79 1786 104 1826 15
119 1772 197 1829 inter
225 1778 311 1849 atque
336 1770 465 1850 Cyrenas
489 1779 519 1831 et
541 1771 679 1832 Achaiam
703 1773 859 1848 sinumque
882 1768 1021 1848 Maleum,
1047 1768 1125 1847 quod

120 1877 135 1918 a
159 1858 262 1938 spoliis
286 1878 410 1920 aureum
432 1862 491 1939 ipsi
517 1878 672 1940 vocavere,
699 1858 956 1920 latrocinabantur.
1003 1859 1125 1917 missus·
1145 1868 1163 1916 4

120 1966 177 2026 quc
207 1950 238 2008 in
271 1966 322 2008 eos
349 1948 380 2008 P.
405 1948 547 2009 Servilius
576 1951 708 2028 quamvis
738 1948 818 2008 leves
846 1955 877 2008 et
903 1948 1023 2026 fugaces
1046 1964 1126 2025 myo-

119 2055 245 2115 paronas
278 2040 359 2115 gravi
392 2046 421 2098 ct
445 2037 550 2098 Martia
582 2036 675 2098 classe
707 2037 853 2118 turbaret,
885 2055 945 2097 non
973 2039 1127 2096 incruenta

119 2127 242 2185 victoria
283 2133 410 2204 supcrat.
464 2127 516 2187 sed
553 2146 609 2188 nec
646 2129 721 2187 mari
754 2127 937 2187 submovisse
971 2132 1164 2186 contentus5

80 2231 105 2270 so
119 2213 315 2275 validissimas
347 2215 437 2276 urbes
470 2235 574 2276 eorum
602 2223 631 2276 et
659 2217 772 2277 diutina
799 2216 908 2294 praeda
936 2214 1128 2294 abundantes,

119 2302 256 2364 Phaselin
281 2312 310 2364 et
329 2303 474 2384 Olympon
497 2308 602 2366 evertit
620 2305 796 2384 Isaurosque
820 2307 916 2384 ipsam
939 2322 1037 2365 arcem
1059 2302 1128 2363 Cili-

209 2428 221 2474 1
241 2423 362 2491 ponpeio
381 2424 408 2476 L
433 2427 437 2492 1
461 2425 524 2478 tota
543 2425 570 2478 Β
587 2425 680 2477 totum
698 2425 727 2491 (a
744 2439 831 2493 supra
849 2440 868 2476 u
885 2440 920 2477 m.
939 2426 970 2492 2)
990 2423 1023 2476 N
1039 2426 1043 2492 1
1067 2420 1129 2475 asia

119 2528 146 2579 Β
169 2529 178 2596 11
201 2533 217 2580 3
235 2496 324 2597 partis
343 2532 469 2598 (spiritus
486 2548 520 2584 m.
541 2530 568 2598 1)
586 2529 614 2581 Β
630 2534 634 2596 1
650 2530 776 2599 phoedus
794 2530 823 2583 Β
840 2533 849 2599 11
868 2536 884 2583 4
904 2527 1015 2582 adhunc
1035 2528 1063 2595 (n
1082 2544 1130 2580 eoc-

115 2603 220 2667 puoso
239 2618 273 2653 m.
288 2607 302 2652 1
323 2607 349 2655 et
362 2602 392 2667 2)
409 2600 443 2652 N
455 2602 459 2666 1
475 2615 526 2652 nos
544 2615 601 2652 non
620 2599 644 2654 0
653 2605 662 2669 11
677 2605 693 2653 b
711 2598 887 2669 pompeianis
906 2597 1025 2668 (priori
1044 2614 1130 2666 supro

118 2672 233 2738 uersum)
258 2669 285 2721 L
306 2672 316 2738 11
339 2678 354 2724 6
377 2669 452 2738 ignis
475 2670 509 2722 N
529 2669 642 2738 ignibus
665 2671 699 2724 N
702 2673 711 2700 ²
734 2674 744 2739 11
768 2678 781 2724 7
805 2684 983 2724 nxnsnrcum
1001 2670 1029 2722 Β
1047 2682 1129 2721 Pxnx

120 2754 215 2793 rrovm
232 2740 260 2792 L
284 2743 293 2809 11
316 2747 332 2794 8
356 2740 423 2793 dum
443 2739 475 2806 0,
504 2742 575 2809 quod
596 2741 712 2807 fortasse
729 2743 847 2809 recipere
865 2742 927 2795 licet
948 2742 952 2807 1
978 2736 1128 2792 destrictus

119 2812 147 2863 Β
167 2810 318 2864 distractus
339 2811 362 2865 0
380 2813 390 2880 11
414 2816 447 2863 10
465 2810 605 2880 phoedere
623 2812 651 2864 Β
673 2817 682 2877 11
704 2816 735 2864 11
754 2811 944 2880 produxerant
962 2811 989 2864 L
1005 2813 1008 2878 1
1025 2809 1128 2863 audae-

121 2881 193 2932 ciam
217 2882 242 2949 (a
265 2883 353 2936 deleta
370 2889 396 2938 ct
413 2898 500 2951 supro
517 2899 575 2937 eam
593 2899 694 2937 rasura
711 2885 796 2937 uolua
814 2883 920 2937 littorea
936 2883 978 2936 oet
995 2882 1128 2952 circatae)

119 2953 147 3004 Β
163 2955 167 3021 1
183 2951 342 3022 periosique
360 2955 387 3007 Β
401 2954 410 3022 11
425 2959 457 3006 12
477 2951 676 3006 mithridaticis
696 2955 828 3023 (primum
848 2969 862 3006 e
881 2955 913 3007 io
931 2952 941 3006 i
959 2954 1076 3007 mutauit
1093 2969 1127 3006 oa.

119 3026 181 3092 rec.)
196 3024 230 3077 N
239 3027 248 3093 ΙΙ
265 3032 296 3078 13
311 3023 491 3093 exterritique
504 3026 533 3079 Β
549 3026 553 3094 1
569 3024 744 3078 inuidiamB
760 3028 763 3093 Ι
780 3024 894 3094 impune
904 3026 931 3078 B
948 3027 952 3093 1
969 3024 1130 3077 crassantur

119 3097 147 3148 Β
170 3101 179 3165 11
204 3101 236 3149 15
261 3095 353 3164 adque
371 3096 401 3166 (d
419 3098 451 3150 io
467 3098 480 3148 t
499 3098 618 3152 correxit
635 3114 669 3151 m.
689 3099 716 3166 1)
736 3097 770 3150 N
785 3099 789 3166 Ι
811 3112 924 3164 syrenas
944 3096 972 3148 Β
992 3098 995 3162 1
1017 3093 1128 3165 signum

56 3199 57 3202 =
120 3183 173 3234 que
192 3167 219 3221 L
237 3169 247 3236 11
266 3173 299 3221 16
319 3166 455 3236 abspoliis
474 3170 510 3237 B,
529 3175 559 3223 at
575 3186 599 3223 o.
622 3169 764 3223 Goertcius
781 3169 821 3221 H
830 3185 860 3237 p.
875 3168 941 3234 Χ11
957 3165 1129 3233 missumque

119 3240 146 3291 Β
169 3242 178 3306 11
202 3244 233 3291 17
258 3238 371 3308 publius
390 3240 418 3292 Β
438 3243 447 3305 11
472 3244 504 3293 18
526 3255 713 3308 myoparonas
737 3240 765 3308 (y
784 3245 901 3293 correcta
921 3256 954 3292 ex
972 3236 993 3306 i)
1012 3238 1040 3290 Β
1058 3235 1128 3289 mio-

118 3325 240 3378 paronas
259 3310 286 3362 L
301 3314 305 3378 1
321 3310 419 3364 turbat
432 3311 461 3364 et
479 3309 621 3379 latuisset
636 3316 668 3364 19
689 3308 872 3364 summouisse
888 3311 916 3363 Β
932 3312 936 3378 1
952 3309 1129 3376 contemptus

119 3381 146 3434 L
159 3383 168 3449 1
182 3386 216 3434 20
236 3381 434 3436 habundantes
453 3382 481 3434 Β
494 3386 504 3450 11
518 3387 550 3435 21
569 3381 709 3450 phaselim
727 3382 754 3434 B
770 3384 774 3450 1
791 3380 934 3450 olympum
951 3381 979 3432 Β
995 3383 1000 3462 q
1016 3377 1129 3433 euertit-

120 3469 173 3519 que
188 3469 341 3521 saurosque
355 3454 382 3507 Β
397 3451 500 3507 euertit
513 3452 676 3521 isaurosque
691 3453 730 3506 Β1
746 3455 750 3521 1
766 3451 935 3520 isauronque
951 3451 983 3505 N
992 3467 1136 3504 issum.-

120 3539 174 3590 que
197 3525 223 3577 L
250 3542 288 3578 oo
312 3525 513 3594 Isauramque?
536 3543 560 3582 o.
584 3525 663 3583 Ptin.
686 3543 716 3582 o.
736 3525 768 3582 h.
786 3525 814 3580 V
831 3529 887 3594 5343
913 3523 1059 3577 biscocto.
1074 3520 1164 3568 strot-

111 3595 174 3645 III
179 3598 252 3661 7,.1,·
267 3596 339 3650 alc'os
352 3600 361 3668 1
376 3613 471 3653 arcem
490 3601 518 3672 (c
537 3607 664 3660 correcto
683 3619 718 3660 ccc
736 3602 764 3674 tt
782 3599 812 3656 B
