2436 3826
145 181 208 245 146
299 184 301 188 ·
504 183 614 233 110111
631 183 790 234 armonia

144 351 277 409 examina
296 351 327 408 in
347 350 448 428 signis,
466 347 598 408 interdiu
615 346 765 408 tenebrae.
799 347 857 408 dux
876 350 940 427 ipse
960 349 989 407 in
1004 354 1151 408 nocturna

62 451 70 473 ³
143 440 269 516 imagine
302 437 407 516 plausu
438 437 546 497 theatri
579 439 625 497 sui
655 439 686 495 in
713 436 833 496 modum
860 437 994 518 planctus
1023 439 1150 497 circum-

144 534 263 587 sonatus
287 533 317 586 et
339 543 425 585 mane
449 544 516 586 cum
538 525 618 605 pullo
641 525 730 604 pallio
750 559 791 568 —
811 526 894 585 nolas
913 560 953 567 —
974 532 1045 604 aput
1067 528 1150 604 pria-

89 631 123 679 46
143 619 218 695 cipia
256 622 432 694 conspectus
464 623 517 674 est.
576 632 736 693 numquam
768 617 864 674 acrior
896 633 992 693 neque
1024 613 1150 674 alacrior

143 706 290 766 exercitus
323 703 457 764 Caesaris
488 704 555 785 luit5
592 702 660 763 inde
693 702 815 763 classica
847 706 944 784 priua,
980 703 1048 762 inde
1080 703 1149 764 tela.
1177 714 1189 755 ⁶

142 794 312 854 adnotatum
335 811 451 872 quoque
476 794 687 852 committentis
710 795 803 852 aciem
822 791 950 852 Crastini
970 791 1073 871 pilum,
1097 796 1150 871 qui

141 901 209 942 mox
237 882 338 942 adacto
366 883 397 940 in
425 899 458 941 os
486 880 647 959 gladio-
672 882 715 940 sic
742 884 821 941 inter
848 882 987 941 cadavera
1011 889 1149 960 repertus

142 978 252 1031 est-
276 969 429 1029 libidinem
457 988 490 1029 ac
513 968 625 1029 rabiem
650 988 707 1047 qua
729 979 910 1047 pugnaverat
931 973 995 1049 ipsa
1019 973 1148 1031 novitate

88 1074 122 1122 41
141 1058 270 1118 volneris
302 1057 494 1136 praeferebat.
546 1057 597 1117 sed
630 1076 685 1118 nec
712 1060 812 1118 minus
840 1058 1041 1118 admirabilior
1067 1059 1148 1120 illius

142 1149 238 1208 exitus
265 1145 343 1206 belli.
391 1148 498 1225 quippe
528 1163 594 1207 cum
617 1146 776 1226 Pompeius
803 1147 875 1207 adeo
904 1150 1037 1226 equitum
1064 1150 1189 1227 copia10

142 1236 304 1297 abundaret
321 1243 355 1295 ut
372 1234 457 1294 facile
474 1237 728 1295 circumvenimus
743 1235 801 1295 sibi
816 1234 970 1296 Caesarem
985 1237 1146 1318 videretur,

88 1340 122 1389 48
142 1328 359 1386 circumventus
387 1325 452 1402 ipse
480 1331 532 1383 cst.
578 1342 646 1384 nam
674 1342 741 1384 cum
769 1325 820 1385 diu
843 1344 936 1403 aequo
960 1325 1051 1385 Marte
1076 1344 1145 1385 coa-

139 1414 308 1493 tenderent,
349 1415 492 1491 iussuque
528 1412 649 1492 Pompei
690 1413 773 1473 fusus
814 1433 829 1473 a
869 1432 961 1475 cornu
999 1417 1147 1493 erupisset

141 1506 302 1583 equitatu,
330 1508 452 1581 repente
478 1501 548 1561 hinc
574 1504 657 1580 signo
682 1502 748 1562 dato
772 1501 985 1562 Germanorum
1009 1504 1146 1563 cohortes

140 1599 254 1653 tantum
287 1594 318 1651 in
350 1591 461 1650 effusos
493 1593 609 1669 equites
641 1591 738 1651 fecere
771 1593 914 1670 impetum
945 1599 978 1652 ut
1009 1591 1052 1652 illi
1081 1602 1189 1652 esse1⁵

87 1696 120 1744 49
140 1682 269 1761 pedites,
302 1680 334 1740 hi
367 1682 467 1740 venire
500 1682 531 1739 in
564 1681 649 1759 equis
679 1679 858 1740 viderentur.
911 1680 987 1741 hanc
1019 1688 1148 1759 stragem

140 1771 282 1848 fugientis
319 1771 468 1847 equitatus
505 1768 577 1828 levis
610 1775 773 1829 armaturae
806 1771 892 1829 ruina
924 1772 1060 1830 comitata
1094 1778 1148 1850 est,

81 1932 85 1941 .
139 1866 210 1920 tunc
228 1866 342 1918 terrore
361 1857 450 1918 latius
469 1857 545 1937 dato,
563 1857 751 1918 turbantibus
770 1859 896 1918 invicem
911 1860 1013 1939 copiis,
1032 1857 1147 1936 reliqua

140 1955 252 2026 strages
286 1949 371 2025 quasi
402 1965 460 2006 una
491 1964 580 2006 manu
612 1946 687 2006 sacta
717 1953 774 2027 est3
807 1965 862 2006 nec
889 1946 949 2008 ulla
976 1966 1026 2007 res
1053 1949 1147 2025 magis

86 2053 119 2100 oo
139 2039 229 2097 exitio
253 2035 308 2095 fuit
331 2053 418 2114 quam
442 2037 505 2114 ipsa
529 2037 677 2095 exercitus
700 2035 880 2113 magnitudo.
922 2035 1032 2096 multus
1056 2038 1087 2095 ia
1110 2054 1146 2095 eo
1160 2049 1188 2088 20

138 2124 250 2204 proelio
275 2123 382 2183 Caesar
410 2124 584 2201 mediusque
613 2126 691 2183 inter
718 2125 927 2202 imperatorem
956 2131 985 2184 et
1012 2124 1146 2184 militem.

210 2352 223 2400 1
244 2346 402 2400 examinum
419 2348 447 2400 Β
467 2350 472 2416 Ι
492 2346 579 2416 signis
599 2351 628 2417 (g
645 2354 764 2402 correcta
782 2353 846 2401 111
866 2364 900 2401 ca
917 2350 942 2416 c)
961 2347 995 2400 N
1011 2350 1016 2416 Ι
1037 2347 1098 2417 ipse
1118 2350 1146 2401 et

140 2417 164 2474 0
182 2417 242 2487 ipse
266 2419 295 2471 et
317 2417 367 2472 in?
392 2421 395 2486 Ι
419 2419 556 2471 nocturna
578 2420 669 2486 (prior
685 2436 705 2470 n
722 2435 807 2487 supra
825 2435 929 2472 11111111
946 2435 981 2472 m.
1000 2422 1028 2488 1)
1047 2420 1074 2472 Β
1097 2421 1106 2486 ll
1131 2427 1145 2471 2

136 2489 267 2559 plausum
288 2488 438 2543 theatrisui
459 2487 575 2543 audiens
594 2488 624 2542 in
641 2488 756 2543 modum
773 2488 904 2558 planctus
924 2488 1146 2543 circumsonatus

138 2563 167 2614 et
179 2562 207 2615 Β
225 2559 338 2614 thaeatri
356 2559 401 2614 sui
418 2559 536 2613 audiens
553 2559 684 2629 plausum
701 2559 731 2613 in
749 2560 862 2614 modum
880 2559 1011 2630 planctus
1030 2559 1146 2613 circum-

137 2634 219 2686 sonat
241 2635 270 2685 et
291 2631 322 2687 0:
347 2649 414 2687 corr.
434 2631 617 2686 Momuaeuus
638 2630 744 2685 theatri
767 2631 810 2684 sui
831 2631 948 2696 audiens
986 2631 1097 2684 lausum
1114 2630 1146 2683 in

135 2703 251 2758 modum
267 2702 398 2773 plauctus
417 2701 668 2757 circumsonantem
687 2703 838 2758 Salmasius
855 2705 864 2772 ll
886 2707 901 2755 3
920 2651 1008 2772 paldio
1027 2711 1076 2756 out.
1099 2701 1122 2755 0
1141 2702 1143 2772 l

137 2775 212 2844 apud
232 2775 283 2844 011
305 2778 321 2826 ὁ
340 2773 411 2828 Dein
434 2773 552 2828 classica
571 2774 597 2827 L
619 2778 628 2842 ΙΙ
651 2781 666 2827 6
686 2774 851 2827 adnotatum
875 2778 904 2843 (n
926 2776 958 2828 iu
980 2793 1009 2826 m
1026 2792 1073 2828 uu
1085 2775 1144 2827 avit

136 2864 169 2902 m.
185 2849 214 2916 2)
234 2845 266 2899 N
281 2845 454 2900 Annotatum
472 2845 499 2898 L
519 2849 523 2908 l
543 2844 660 2899 crastini
678 2845 705 2898 L
722 2847 732 2915 ΙΙ
751 2852 766 2900 7
786 2844 907 2898 adhacto
926 2844 956 2898 in
974 2845 1027 2898 hoc
1046 2843 1143 2916 gladio

136 2919 163 2971 Β
179 2920 183 2985 Ι
200 2915 277 2971 cadit
290 2923 354 2985 post
372 2914 468 2986 gladio
487 2917 551 2970 add.
570 2917 710 2985 Scioppius
728 2917 857 2970 uocabulo
874 2917 917 2969 est
930 2917 1009 2982 iufra
1024 2919 1121 2970 omisso
1135 2916 1143 2985 i}

136 2995 151 3040 8
172 2991 214 3042 est
232 3005 282 3042 osu.
299 2987 408 3056 Olhac
427 2988 454 3040 Β
470 2990 474 3056 l
490 2985 631 3041 nouitates
646 2984 674 3040 B
687 2991 726 3055 19
745 2986 869 3040 uulneris
887 2987 947 3040 BL
965 2986 1088 3040 uolneris
1108 2986 1142 3056 (is

135 3066 282 3115 correctura
304 3076 337 3112 ea
358 3060 415 3128 um)
434 3059 467 3112 N
488 3060 493 3126 Ι
516 3057 675 3126 preferebat
693 3060 786 3127 (prius
803 3074 832 3111 re
850 3075 936 3127 supra
953 3060 1069 3128 uersum)
1088 3058 1116 3110 B
1137 3058 1140 3128 l

135 3130 220 3184 ullius
238 3131 266 3183 Β
288 3131 298 3198 ll
321 3135 354 3183 1o
374 3145 426 3182 con
444 3129 471 3181 L
490 3130 500 3198 ΙΙ
524 3135 555 3182 11
574 3127 752 3183 habundaret
769 3129 797 3181 Β
815 3131 824 3198 ΙΙ
844 3134 876 3181 12
895 3129 1076 3183 contenderet
1096 3129 1143 3199 Gli

138 3208 169 3254 13
192 3203 259 3254 fisus
283 3200 326 3253 sui
344 3201 372 3254 B
392 3199 494 3253 effusus
514 3200 630 3268 Lipsius
646 3199 713 3253 fisus
733 3198 788 3252 sibi
804 3201 922 3254 Iahnius
940 3199 1054 3253 effusius
1074 3200 1145 3253 Hal-

137 3275 208 3326 mius
228 3275 237 3341 ΙΙ
260 3277 293 3325 14
322 3271 389 3324 hinc
415 3272 445 3340 (n
471 3287 557 3340 supra
584 3273 698 3339 aarum)
721 3271 749 3324 Β
773 3270 778 3339 l
802 3271 948 3325 chohortes
972 3274 1105 3340 (11111111
1126 3271 1146 3324 h

136 3344 186 3398 del.
206 3361 240 3397 u.
262 3342 577 3424 apostatahsupra
595 3342 754 3412 11111111)Β
777 3345 786 3408 l
810 3348 843 3396 15
861 3341 952 3396 facere
971 3343 999 3396 Β
1023 3346 1028 3412 Ι
1053 3343 1146 3396 essent

28 3470 31 3476 Δ
136 3417 164 3469 Β
178 3416 188 3484 ll
203 3420 236 3466 16
255 3412 307 3466 ulh
326 3415 354 3483 (u
372 3415 494 3468 radcudo
513 3415 544 3467 ia
561 3412 572 3466 i
589 3415 706 3482 mutatu)
720 3411 815 3466 uenire
829 3414 856 3466 Β
870 3416 879 3484 ll
894 3418 926 3466 1⁷
940 3413 1081 3484 fugientes
1094 3413 1142 3513 Bp

137 3485 280 3554 equitatus
299 3502 349 3539 oue.
364 3485 392 3538 Β
410 3485 420 3554 ll
441 3489 472 3537 18
491 3499 582 3538 errore
601 3485 628 3538 B
642 3486 652 3554 ll
666 3490 698 3538 19
719 3485 806 3540 est-s
824 3488 969 3553 (puuaum
986 3503 1021 3539 11,
1040 3487 1069 3554 2)
1088 3485 1122 3537 N
1139 3522 1143 3555 Ι

123 3555 184 3606 ulla
201 3554 272 3628 istos
289 3555 313 3626 (i
328 3556 429 3626 deleta)
446 3555 477 3612 B
493 3559 504 3626 ll
523 3561 556 3611 21
576 3554 632 3611 fuit
650 3563 714 3612 oute
729 3555 894 3624 mediusque
911 3557 977 3610 odd.
991 3556 1056 3609 BN
