2436 3826
381 181 583 233 PRAEFATIO
601 182 772 235 EDITORIS
1022 181 1084 236 LIX

73 350 120 408 nis
157 347 323 408 similitudo
360 347 440 407 inter
477 365 578 408 omnes
615 347 677 407 fere
714 350 875 426 argenteae
910 349 1087 409 Latinitatis

53 439 236 515 *scriptores
267 437 428 496 intercedit
460 439 491 496 et
520 435 616 496 maior
644 437 736 496 etiarn
768 439 815 497 est
845 437 926 497 inter
957 437 1085 498 Senecas

73 529 105 586 et
122 527 255 586 Florum.
293 525 433 585 Tacitum
452 527 555 584 autem
572 525 673 601 ipsum
690 526 823 602 plurima
844 526 992 603 imprimis
1015 545 1085 586 cum

73 616 186 676 Seneca
216 615 280 674 filio
309 614 480 674 communia
510 613 621 673 habere
649 615 855 690 comprobavit
882 617 920 674 M.
942 615 1084 676 Zimmer-
1196 689 1197 693 Ἰ

70 723 198 764 mannus
221 703 360 780 diligenti
383 703 634 762 commentatione
664 696 712 762 ‘de
736 703 841 764 Tacito
866 703 997 764 Senecae
1018 705 1084 782 phi-

70 793 189 871 losophi
224 785 389 852 imitatore’
426 792 539 869 scripta
575 783 764 872 (‘Breslauer
798 792 902 870 philol.
942 793 1083 854 Abhand·

71 875 196 956 lungen'
220 881 248 938 V
269 872 333 961 l).r

137 971 240 1030 Pauca
276 970 313 1029 de
345 970 401 1028 hac
433 969 565 1029 editione
597 970 722 1029 dicenda
753 972 878 1029 restant.
924 974 1015 1048 atque
1047 972 1083 1030 de

71 1060 156 1119 libris
184 1059 306 1137 quidem
332 1077 425 1118 manu
453 1059 572 1136 scriptis
599 1062 630 1117 et
653 1077 728 1136 ques
752 1061 783 1118 et
806 1060 956 1136 quomodo
980 1079 1084 1120 eornm

72 1149 217 1209 lectiones
240 1148 272 1207 in
295 1150 476 1225 apparatum
499 1147 637 1206 criticum
659 1148 822 1225 receperim
841 1166 933 1224 supra
951 1149 1082 1225 exposui.

72 1238 121 1296 hic
143 1242 247 1297 tamen
269 1237 437 1296 addendum
465 1239 511 1296 est
540 1236 594 1295 ubi
615 1235 761 1296 librorum
784 1228 925 1319 B(I)NL
948 1238 1083 1299 diversae

71 1327 239 1403 scripturae
270 1345 331 1386 non
361 1326 527 1384 afferantur
555 1343 605 1385 eos
633 1344 702 1384 cum
729 1325 910 1386 lectionibus
937 1326 969 1384 in
996 1330 1084 1387 textu

21 1469 23 1473 ,
71 1415 179 1492 positis
207 1433 372 1492 congruere
399 1414 624 1491 scripturasque
651 1415 683 1472 in
710 1415 904 1475 adnotatione
933 1416 996 1475 sine
1018 1417 1083 1475 ullo
1160 1488 1161 1492 Ἰ

71 1506 158 1582 signo
181 1505 297 1580 positas
320 1502 417 1562 tribus
435 1503 497 1562 illis
515 1503 668 1562 codicibus
686 1503 837 1579 primariis
856 1504 983 1581 aliisque
1002 1504 1084 1564 haud

68 1593 175 1670 paucIs
193 1609 366 1653 communes
385 1609 458 1651 esse.
489 1591 570 1668 quod
588 1591 627 1649 ad
650 1592 949 1670 orthographiam
973 1594 1085 1652 attinet
1098 1617 1173 1658 orno.

69 1701 139 1742 eam
160 1681 235 1741 mihi
257 1683 356 1760 legem
379 1680 484 1757 scripsi
507 1682 543 1738 ut
563 1680 839 1740 vetustissimorum
857 1681 1004 1740 librorum
1023 1670 1187 1740 BN⁸¹⁸¹³¹¹1⁸

70 1771 208 1849 vestigiis
223 1770 276 1829 ubi
289 1787 409 1847 possem
419 1769 598 1843 insisterem,
613 1786 682 1827 oum
691 1769 873 1829 recentiores
888 1789 1085 1847 quaecunque

71 1861 119 1919 illi
147 1859 314 1937 singularia
341 1857 487 1935 praebent
513 1858 575 1917 fere
603 1857 854 1919 oblitteraverint.
901 1877 962 1935 qua
993 1859 1025 1918 in
1053 1878 1085 1918 re

71 1949 102 2008 N
120 1949 295 2027 frequenter
316 1946 443 2007 meliora
465 1946 558 2007 habet
577 1965 668 2024 quam
685 1947 720 2023 B,
744 1947 856 2025 quippe
876 1948 929 2025 qui
947 1966 985 2007 uo
1005 1949 1086 2026 quod

69 2037 99 2096 N
122 2037 154 2096 in
182 2037 341 2104 Volcanus,
364 2037 459 2110 colpe,
482 2037 598 2105 volnus,
622 2037 728 2104 enims,
751 2038 899 2110 parcella,
928 2037 1002 2096 alibi
1026 2055 1085 2096 ser-

68 2127 155 2186 vavit
185 2126 363 2203 plerumque
396 2125 428 2184 in
458 2144 502 2184 aar
535 2127 651 2203 mutet,
689 2125 904 2201 aspirationem
936 2127 1022 2187 velut
1053 2128 1084 2185 in

69 2215 239 2283 Hannibal,
267 2213 393 2282 Horrea,
415 2213 606 2283 Hasdrubal,
635 2232 712 2291 quae
735 2213 859 2274 Iahnius
882 2213 1083 2293 Halminsque

73 2304 224 2363 immerito
247 2302 506 2381 improbaverunt,
529 2304 684 2382 neglegat,
711 2322 766 2380 pro
789 2303 901 2363 litteris
923 2305 1084 2383 geminatis

70 2393 162 2452 utin
184 2393 357 2461 Maerorcs,
391 2393 513 2451 Donnes
543 2392 678 2470 singulas
704 2394 799 2468 ponat
826 2393 946 2468 aliaque
974 2391 1085 2453 similia

72 2482 149 2543 vitia
176 2481 354 2540 committat.
400 2483 504 2540 contra
531 2481 642 2540 formas
666 2479 795 2540 Graecas
822 2481 935 2540 iniuria
962 2482 999 2540 ab
1022 2482 1083 2542 edi·

71 2570 189 2630 toribus
213 2569 325 2628 alieubi
348 2572 465 2646 spretas
487 2569 620 2628 modoB
644 2569 777 2634 servavit
800 2569 888 2629 modo
911 2569 948 2628 N.
978 2571 1083 2646 iaque

69 2681 100 2736 p.
117 2662 166 2738 76,
181 2661 223 2719 20
241 2658 298 2717 BL
317 2659 425 2717 Elidos
442 2655 554 2716 habent
567 2657 596 2716 N
608 2657 723 2736 Elicio,
746 2678 775 2734 p.
792 2660 864 2736 140,
885 2660 902 2716 1
924 2661 955 2717 et
975 2662 1047 2734 147,
1063 2662 1081 2720 9

71 2745 222 2823 Acyyptoa
244 2738 305 2828 N1)
334 2747 416 2807 solus
439 2742 602 2821 Aepyptum
624 2745 693 2823 BL,
721 2766 750 2822 p.
771 2747 851 2823 101,
870 2749 909 2805 21
942 2746 1084 2823 Olympon

71 2895 284 2904 ---—-—.-„-‚.

145 2989 170 3056 1)
194 2986 329 3041 Graecam
352 2985 435 3040 huius
459 2985 580 3041 nominis
604 2986 723 3040 formam
745 2985 884 3040 Hadriani
909 2984 1081 3055 temporibus

69 3057 225 3113 invaluisse
247 3075 377 3112 nummus
401 3058 437 3111 ab
464 3074 496 3112 eo
521 3074 603 3112 ousus
627 3058 722 3126 docet,
745 3057 796 3111 ubi
821 3057 889 3112 deae
909 3056 1019 3111 sedenti
1038 3073 1083 3111 ea·

70 3129 161 3184 nistro
189 3128 303 3183 innixae
330 3128 444 3182 sistrum
471 3128 581 3183 tenenti
608 3128 740 3183 adstante
768 3127 845 3182 ibide
868 3128 1006 3200 Aeyyptos
1034 3128 1083 3181 ad-

70 3201 208 3271 scriptum
225 3200 330 3270 legitur
348 3199 459 3270 (Millin,
480 3199 596 3269 ‘galerie
615 3198 838 3268 mythologique’
858 3200 917 3255 tab.
932 3199 1083 3253 LXXXVII

70 3274 117 3342 fig.
133 3277 185 3326 376
205 3274 234 3326 ct
251 3272 285 3326 H.
301 3271 404 3340 Ceben,
425 3271 580 3325 ‘monnaies
598 3271 632 3325 de
646 3271 772 3340 l'empire
786 3270 895 3325 romain
903 3270 923 3302 ”
944 3271 971 3324 Il
989 3289 1015 3341 p.
1032 3276 1083 3325 114

70 3362 113 3398 nr.
131 3345 200 3413 110).
238 3360 272 3397 ex
295 3341 465 3396 allocutione
488 3341 628 3396 Hadriani
650 3342 688 3397 ad
710 3341 816 3396 milites
834 3340 865 3396 in
884 3342 984 3396 castris
1001 3343 1087 3395 hann-

70 3413 228 3470 baesitanis
252 3416 363 3484 reperta
386 3413 425 3484 (Ο.
444 3413 464 3466 Ι.
484 3414 513 3468 L.
533 3414 600 3469 VIII
617 3415 700 3485 attat
719 3413 782 3470 hae
797 3414 913 3469 termae
931 3410 1113 3486 sentimas-a

71 3485 224 3554 scripturas
247 3484 376 3541 codicum
393 3485 597 3545 Florianorum
615 3491 671 3546 aut
688 3487 766 3545 alias
786 3487 827 3543 ob
846 3500 958 3541 causas
972 3479 1136 3533 meritam

62 3555 167 3624 dr'guae
184 3559 264 3612 sunt:
292 3567 366 3628 aput
382 3579 440 3632 nec,
466 3581 504 3621 ex
523 3567 666 3637 centurie,
686 3567 711 3623 st
732 3564 811 3638 quit,
838 3550 1064 3616 resauciare,
1079 3549 1157 3593 ww
