2436 3826
146 171 191 236 20
343 229 348 237 ,
512 172 622 224 onom
640 174 800 225 nnxnoux

147 357 204 417 que
224 372 265 380 —
285 356 340 417 pro
359 338 456 416 pudor
473 371 515 379 -
535 339 628 398 victos
648 338 720 398 adeo
740 338 850 416 gloriae
870 339 971 420 fuisse,
990 346 1024 400 ut
1042 347 1167 419 captum

147 426 289 506 oppidum
312 427 430 487 Gnaeus
449 426 577 486 Marcius
601 426 775 487 Coriolanus
800 429 884 506 quasi
903 427 1092 489 Numantiam
1112 438 1166 491 aut

94 533 127 582 10
146 515 274 576 Africam
298 517 412 576 nomini
436 515 582 575 indueret.
621 521 721 575 extant
745 523 774 576 et
794 522 878 594 parta
897 516 933 575 de
952 517 1039 578 Antio
1059 517 1166 601 spolia,

146 623 220 684 quae
244 604 378 665 Maenius
405 606 437 662 in
466 611 607 682 suggestu
634 604 691 664 ioci
719 611 803 683 capta
825 605 965 665 hostium
980 605 1074 667 classe
1100 607 1164 668 suf-

144 694 215 753 fixit·
232 727 273 736 -
299 695 325 753 si
356 699 456 752 tamen
487 691 537 751 illa
568 691 684 772 classis,
716 711 785 752 nam
813 711 865 753 sex
893 693 985 754 inere
1004 701 1162 757 rostratae.
1190 711 1203 753 a

93 800 124 847 11
146 780 199 842 sed
222 781 271 842 hic
294 799 437 842 numerus
461 780 520 840 illis
544 782 638 841 initiis
661 781 762 842 navale
786 780 897 842 bollum
921 782 984 843 tuit.
1027 786 1164 862 pervica-

146 872 260 930 cissimi
286 878 388 930 tamen
415 869 589 930 Latinorum
617 870 712 948 Aequi
740 876 770 930 ct
791 869 890 930 Volsci
918 871 1001 931 fuere
1030 878 1060 931 et
1087 876 1164 933 coti-

93 977 126 1024 12
146 958 241 1039 diani,
268 966 302 1019 ut
330 961 373 1019 sio
402 958 542 1037 dixerim,
570 959 679 1019 hostes.
727 957 779 1018 sed
807 959 862 1018 hos
889 962 1050 1039 praecipue
1075 960 1163 1022 Titus

146 1048 302 1118 Quinctius
331 1048 458 1128 domuit,
486 1046 536 1106 ille
561 1046 688 1107 dictator
711 1046 747 1107 ab
771 1054 883 1127 aratro,
912 1050 963 1127 qui
986 1047 1109 1109 obsessa
1134 1057 1165 1110 et

144 1154 238 1214 paene
270 1138 330 1196 iam
363 1143 447 1215 capta
474 1134 574 1195 Manili
607 1135 738 1196 consulis
767 1142 863 1196 castra
891 1139 1010 1215 egregia
1037 1139 1164 1199 victoria
1179 1153 1205 1193 10

93 1243 126 1291 13
146 1227 341 1304 recuperavit.
387 1225 519 1285 medium
551 1230 615 1284 erat
646 1231 765 1303 tempus
796 1225 873 1284 forte
904 1227 1059 1306 sementis,
1092 1245 1164 1288 cum

130 1315 304 1392 patricium
333 1316 430 1373 virum
458 1315 594 1373 innixum
617 1320 725 1383 aratro·
739 1313 904 1386 suolictor
926 1316 958 1373 in
981 1315 1046 1392 ipso
1070 1333 1163 1393 opere

147 1402 350 1480 deprehendit.
397 1402 466 1461 inde
494 1402 525 1460 in
549 1402 643 1461 aciem
666 1402 831 1482 proiectuS‚
859 1420 896 1461 ne
921 1401 992 1481 quid
1016 1421 1032 1461 a
1054 1405 1163 1465 rustici

147 1492 247 1569 operis
266 1493 431 1551 imitatione
451 1497 592 1569 cessaret,
610 1508 693 1550 more
712 1490 861 1568 pecudum
880 1490 1055 1569 subiugum
1070 1493 1162 1552 misit.

96 1596 129 1644 14
148 1581 191 1638 sic
222 1580 410 1658 expeditione
435 1578 524 1639 'finita
551 1577 630 1638 redit
657 1579 693 1639 ad
721 1577 811 1639 boves
839 1597 945 1639 rursus
972 1579 1164 1658 triumphalis
1181 1593 1206 1634 1⁶

96 1685 128 1733 15
148 1667 275 1746 agricola
295 1703 336 1710 —
356 1669 446 1728 fidem
463 1670 619 1728 numinum
638 1701 680 1710 --
701 1686 758 1746 qua
777 1667 940 1728 velocitate.
977 1669 1056 1728 intra
1075 1671 1165 1747 quin-

148 1757 244 1817 decim
268 1757 331 1817 dies
351 1764 488 1836 coeptum
508 1763 722 1835 peractumque
741 1755 861 1836 bellum,
883 1774 1008 1835 prorsus
1026 1763 1060 1817 ut
1079 1757 1164 1818 iesti-

102 1868 104 1872 ⁴
146 1863 234 1905 nasse
258 1845 384 1906 dictator
407 1845 444 1905 ad
467 1844 604 1905 relictum
629 1862 703 1924 opus
726 1845 886 1905 videretur.
995 1921 1004 1941 ι

216 2069 238 2121 Ι
252 2073 267 2120 1
286 2066 379 2121 uictus
393 2067 422 2121 Β
440 2068 572 2123 Iordanis
590 2069 647 2134 cod.
662 2067 898 2149 Heidelberpensia
914 2070 918 2137 Ι
934 2066 1041 2150 gloriae
1056 2071 1082 2137 (o
1102 2087 1164 2126 eor-

147 2145 222 2193 recta
240 2155 273 2192 ex
292 2155 310 2192 u
326 2157 360 2192 m.
384 2141 410 2207 1)
430 2138 458 2191 Β
478 2140 487 2207 ΙΙ
508 2143 523 2191 3
544 2136 671 2191 affricam
688 2139 854 2264 Ippommo
872 2139 900 2192 Β
916 2138 922 2220 Ι
937 2138 1053 2193 induere
1072 2139 1101 2192 Β
1120 2140 1165 2195 in·

149 2208 264 2262 duceret
276 2210 310 2263 N
322 2211 326 2277 Ι
342 2208 464 2263 Exstant
477 2209 504 2261 L
517 2210 526 2278 ΙΙ
540 2214 557 2262 4
570 2209 678 2263 menius
693 2211 715 2263 I
749 2226 797 2264 ooo.
813 2225 957 2263 menemus
972 2211 1000 2264 Β
1012 2210 1165 2267 moenibus

148 2279 183 2333 N
201 2279 331 2351 mqnibus
355 2280 383 2333 L
407 2280 411 2352 Ι
437 2281 568 2350 sucgestu
592 2282 617 2349 (e
639 2297 727 2350 supra
749 2283 864 2350 animm)
882 2281 1066 2351 B.suggesto
1086 2282 1144 2338 LI
1156 2284 1167 2356 ΙΙ

148 2349 282 2403 talassio
306 2353 401 2420 (potor
424 2369 437 2404 s
460 2368 547 2421 soporo
569 2368 675 2406 cereum
692 2369 726 2405 m.
746 2354 773 2421 1)
792 2352 820 2405 Β
845 2352 849 2422 Ι
870 2357 934 2420 pout
951 2352 1029 2406 fuere
1047 2352 1082 2406 N
1096 2355 1164 2410 odd.

149 2419 225 2473 solae
249 2423 258 2490 ΙΙ
282 2426 297 2474 6
316 2421 363 2476 hio
386 2439 436 2477 om.
460 2423 488 2477 Β
513 2424 517 2491 Ι
542 2421 765 2490 peruicacissimi
788 2424 969 2492 (posteriorc
991 2423 1068 2490 facta
1085 2439 1122 2479 ex
1141 2427 1167 2496 r)

148 2491 176 2544 L
197 2493 208 2560 Ι
230 2498 244 2545 't
266 2491 357 2546 uuisci
375 2492 404 2547 A
419 2493 423 2565 Ι
440 2492 614 2561 quottidiani
632 2494 660 2547 Β
683 2494 692 2562 ΙΙ
715 2499 731 2546 8
751 2492 791 2546 aie
810 2495 835 2561 (e
853 2510 939 2563 supra
956 2510 1063 2549 oneum
1080 2492 1175 2579 m.1p‘

149 2562 177 2615 B
194 2565 197 2631 Ι
214 2563 264 2616 sed
282 2563 333 2618 hos
353 2581 402 2620 oin.
422 2565 450 2618 Β
469 2566 498 2619 ot
515 2564 567 2618 hos
586 2566 608 2618 I
617 2566 656 2645 ΙΙ9
676 2563 801 2632 quintius
821 2564 874 2618 LI
882 2566 892 2633 ΙΙ
907 2571 940 2618 10
959 2566 1073 2634 captum
1091 2566 1166 2621 anih

148 2636 278 2704 (correxit
296 2653 330 2690 m.
346 2637 373 2704 1)
387 2636 416 2690 Β
435 2637 520 2705 capta
538 2633 639 2688 manlii
656 2636 678 2688 I
692 2638 777 2704 capta
794 2633 883 2689 marei
900 2634 1010 2689 mamili
1028 2636 1063 2690 N
1077 2640 1167 2707 copta

149 2704 248 2758 marcii
273 2705 373 2759 manlii
396 2706 423 2760 L
450 2706 480 2761 L.
503 2705 658 2759 Minucium
682 2707 782 2762 Liuius
807 2707 929 2776 appellat
950 2707 1164 2780 11125‚1sq.

147 2783 173 2831 et
204 2775 403 2858 VolemMaoa.
427 2779 468 2831 ΙΙ
486 2782 569 2859 7,,7ς
603 2776 633 2841 Q.
662 2776 817 2859 Minucium
845 2778 878 2832 de
902 2779 953 2833 uir.
983 2778 1131 2846 tlt.17,1
1159 2779 1163 2852 Ι

147 2863 265 2972 tacu
277 2850 393 2989 adu
405 2847 875 3000 caecutientem
887 2848 1166 2999 animatu

148 2991 224 3042 earet
248 2988 282 3057 θ,
305 3007 355 3044 om.
380 2990 409 3059 Ι,
433 2991 531 3045 deiecit
553 2992 737 3045 Momocsenus
761 2993 765 3059 Ι
790 2991 889 3059 nequ1t
911 2990 939 3043 Β
966 2988 1072 3057 neqmd
1095 2990 1167 3065 1311!

131 3065 183 3117 ,14
200 3059 390 3114 immitatione
409 3063 436 3115 B
457 3062 462 3129 Ι
481 3061 620 3131 pecodum
637 3077 713 3115 more
732 3063 752 3115 1
771 3063 780 3129 ΙΙ
804 3067 837 3114 15
857 3060 897 3114 sic
916 3059 968 3115 omi
987 3063 1007 3114 1
1027 3064 1032 3130 Ι
1049 3063 1167 3130 expedi-

148 3129 280 3200 tionoque
299 3133 321 3184 I
337 3132 341 3204 Ι
361 3131 447 3186 rediit
464 3132 493 3186 A
513 3136 517 3202 Ι
533 3131 620 3187 uobes
639 3133 667 3187 Β
684 3133 772 3186 boues
791 3133 832 3185 Β1
855 3133 864 3201 ΙΙ
888 3137 920 3185 16
939 3130 1009 3186 Fide
1029 3132 1166 3196 Cincio-

149 3201 243 3327 oitatp
254 3203 293 3272 (m
307 3210 372 3272 post
385 3206 562 3272 posteriorem
582 3219 597 3258 e
615 3206 704 3272 erosa)
723 3203 751 3256 Β
773 3205 783 3272 ΙΙ
807 3209 840 3258 17
860 3204 975 3272 captum
992 3204 1015 3257 I
1030 3202 1034 3274 Ι
1054 3201 1167 3279 bollum

147 3288 197 3326 om.
1014 3281 1021 3295 ·
