2436 3826
435 223 636 275 PRAEFATIO
654 223 824 276 EDITORIS
1067 221 1134 276 'VII

125 381 269 472 posset1).
314 389 400 448 cuius
424 389 560 450 thesauri
582 390 722 450 notitiam
745 409 904 469 cumnon,
928 391 980 468 qui
1002 395 1049 450 est
1070 410 1135 451 mos

125 479 267 557 pauperis
294 479 410 557 ingenii
437 479 585 558 virorum,
613 480 688 539 alios
716 481 802 540 anxie
826 481 965 558 celasset,
993 481 1045 540 sed
1067 500 1136 540 oum

125 568 163 627 iis
178 587 307 646 quorum
321 587 391 627 eum
404 586 583 646 cognoscere
595 569 755 629 interesset
767 569 861 629 libere
879 570 1136 648 communicasset,

126 657 242 716 iactum
262 659 308 716 est
326 660 362 715 ut
380 660 450 733 post
469 657 608 717 Seebodii
627 677 748 735 operam
765 659 916 718 mentione
935 658 985 718 vix
1003 658 1135 737 dignam,

126 746 165 804 ad
196 747 282 806 ouius
317 746 479 806 editionem
506 765 584 806 anno
613 746 818 807 MDOOOXXI
844 746 964 824 Lipsiae
997 748 1135 807 emissam

127 834 266 912 egregius
297 835 349 894 ille
382 835 459 894 liber
488 836 596 914 exiguo
629 854 698 896 oum
731 837 835 895 fructu
867 837 1020 896 adhibitus
1048 829 1135 917 est2),

127 942 261 983 summus
284 925 331 985 vir
354 927 384 982 et
406 924 591 983 Lachmanni
613 925 779 1000 discipulus
802 929 894 1004 atque
917 927 1041 1003 amicire,
1064 924 1135 986 Otto

125 1011 249 1072 Iahnius
273 1013 349 1072 hano
373 1013 560 1090 provinciam
582 1013 641 1073 sibi
668 1015 813 1093 deligeret
839 1017 870 1074 et
900 1011 1059 1091 tantopere
1081 1015 1136 1074 im·

127 1104 281 1161 mutatum
304 1103 456 1179 exemplar
478 1101 598 1179 Lipsiae
621 1121 699 1163 anno
722 1102 912 1164 MDOOGLII
929 1104 1044 1181 publici
1061 1104 1136 1162 iuris

126 1191 241 1251 faceret
263 1194 299 1250 ut
321 1192 480 1269 vulgatum
502 1192 590 1251 illurn
612 1191 736 1252 Florum
758 1193 791 1251 in
812 1212 883 1255 vero
906 1194 995 1253 Floro
1023 1194 1137 1252 frustra

126 1280 304 1357 requireres.
349 1299 448 1357 neque
472 1281 552 1339 enim
570 1282 667 1341 solum
687 1302 723 1341 ex
741 1282 855 1358 optimo
874 1282 976 1342 codice
992 1282 1137 1358 permulti

127 1369 186 1428 looi
210 1369 263 1447 qui
284 1369 316 1427 in
339 1370 465 1429 alterius
487 1370 668 1430 recensionis
691 1371 776 1431 libris
799 1372 933 1447 corrupti
956 1372 1138 1449 legebantur

127 1458 159 1515 in
186 1458 340 1536 integrum
366 1459 503 1518 restituti
525 1462 610 1537 sunt,
636 1460 884 1537 interpolationes
908 1461 1063 1538 expulsae,
1093 1461 1136 1518 la-

127 1565 223 1606 cunae
256 1547 331 1606 satis
362 1548 467 1625 magni
498 1549 590 1624 spatii
622 1550 773 1626 expletae,
803 1568 909 1610 verum
936 1549 1029 1608 etiam
1055 1548 1137 1606 haud

128 1654 226 1712 pauca
245 1654 322 1712 qnae
342 1655 379 1694 ne
397 1636 428 1694 in
445 1637 498 1695 illo
513 1636 635 1714 quidem
649 1638 774 1697 deerant
786 1638 895 1696 menda
909 1640 963 1696 aut
978 1637 1015 1696 ab
1030 1637 1136 1696 Iahnio

128 1725 195 1800 ipso
215 1728 270 1784 aut
288 1724 326 1784 ab
345 1725 449 1784 amicis
469 1725 542 1802 eius,
564 1727 679 1804 egregii
696 1726 843 1786 acuminis
861 1726 947 1803 viris,
970 1723 1001 1784 Ο.
1016 1726 1137 1785 Halmio

128 1815 168 1874 M.
186 1813 323 1890 Hauptio
347 1813 402 1874 Th.
425 1814 607 1874 Mommseno
632 1815 759 1874 sublata.

193 1903 236 1961 At
267 1902 348 1980 quod
379 1902 456 1962 haut
485 1922 554 1963 raro
586 1921 646 1962 usu
671 1904 755 1965 venit
781 1903 924 1963 thesauro
952 1906 1071 1980 reperto
1101 1907 1138 1963 ut

125 2010 199 2066 prae
231 1990 355 2050 summis
389 1991 454 2050 eins
487 1992 651 2052 virtutibus
678 1994 817 2053 inventor
844 1993 882 2052 ad
909 1993 985 2054 vitia
1016 1993 1137 2070 caliget,

125 2080 206 2139 idern
233 2079 339 2139 Iahnio
373 2100 492 2158 quoque
525 2081 643 2143 accidit.
688 2101 872 2160 quamquam
905 2081 984 2141 enim
1011 2082 1136 2140 alterius

127 2169 309 2229 recensionis
340 2169 434 2229 libros
465 2189 559 2230 manu
590 2173 719 2249 scriptos
751 2190 812 2231 non
842 2189 965 2248 prorsus
996 2171 1138 2249 neglexit,

126 2259 228 2317 tamen
259 2258 304 2317 ita
337 2258 497 2319 sordebant
527 2260 556 2319 ai
581 2279 654 2338 prae
680 2261 912 2339 Bambergensis
939 2259 1075 2319 bonitate
1101 2262 1138 2342 ut

126 2347 201 2406 satis
224 2348 337 2406 multas
367 2366 472 2407 eorum
494 2349 660 2426 scripturas
682 2349 832 2409 immerito
856 2368 875 2409 a
897 2349 980 2409 Flori
1002 2349 1136 2408 oratione

127 2436 306 2496 excluderet.
343 2435 375 2495 id
395 2438 563 2515 quodcum
586 2440 639 2498 alii
661 2442 878 2514 perspexerunt
899 2441 967 2498 turn
988 2437 1026 2498 H.
1042 2437 1136 2514 Saup-

199 2678 225 2746 1)
245 2674 312 2730 ‘Iuli
325 2675 402 2731 Flori
417 2676 557 2746 epitomae
575 2677 643 2732 libri
661 2678 717 2732 duo
734 2694 789 2734 rec.
807 2680 836 2733 et
849 2678 957 2733 emend.
969 2677 1040 2732 ¹Otto
1053 2677 1135 2732 Iahn’

125 2764 153 2816 p.
176 2747 223 2802 III.
265 2747 368 2802 iisdem
395 2747 477 2802 annis
505 2747 607 2830 quibus
634 2749 741 2804 Iaeclxii
768 2749 919 2818 descriptio
946 2747 1137 2804 bibliothecae

125 2817 342 2888 Bambergensis
364 2818 483 2889 prodiit,
507 2819 683 2874 interouius
706 2819 774 2874 libri
798 2819 1029 2875 ‘subscribentes'
1049 2820 1137 2874 Laoh-
1209 2866 1211 2869 .

127 2906 246 2943 mannus
278 2893 457 2959 memoratur,
488 2890 603 2944 Iahnius
635 2891 800 2946 adulescens
832 2891 1026 2948 universitatis
1052 2891 1137 2944 Bero-

127 2959 242 3014 linensis
262 2960 371 3015 civibus
391 2961 549 3032 adscriptus
569 2965 631 3018 erat
648 2962 693 3031 (cf.
712 2963 745 3018 A.
760 2963 907 3018 Michaelis
925 2964 956 3018 in
973 2963 1046 3017 libro
1066 2960 1137 3014 ‘All-

125 3030 254 3101 gemeine
274 3032 407 3087 deutsche
425 3032 607 3103 Biographie’
627 3034 693 3088 XIII
710 3053 736 3103 p.
752 3037 822 3105 669).
882 3097 885 3101 ,

198 3105 232 3227 hg
245 3103 287 3158 ‘In
306 3102 417 3158 Annaei
435 3103 512 3159 Flori
530 3105 653 3174 epitome
670 3122 763 3159 rerum
780 3106 970 3160 Romanarum
988 3103 1025 3157 ad
1048 3101 1136 3156 libros

124 3191 190 3230 mss.
234 3175 445 3244 ambergensem
462 3175 653 3231 Nazarianum
674 3177 744 3231 duos
759 3175 931 3231 Parisienses
951 3174 1021 3228 duos
1040 3173 1138 3227 Mona-

126 3261 221 3300 censes
246 3248 297 3301 eto.
317 3262 372 3300 reo.
392 3246 567 3302 Godofredus
587 3247 734 3302 Seebode’.
770 3265 806 3301 ne
828 3264 932 3316 magna
954 3245 1069 3314 quidem
1085 3243 1138 3299 illa

125 3316 240 3385 lacuna,
268 3333 341 3385 quae
363 3317 390 3370 H
413 3323 460 3387 18,
484 3325 499 3371 2
528 3319 559 3373 in
581 3318 710 3373 omnibus
734 3318 813 3371 libris
836 3317 899 3371 hiat
920 3319 1031 3385 praeter
1053 3316 1137 3370 Bam-

124 3387 303 3458 bergeneem‚
327 3388 363 3442 ab
387 3405 420 3443 eo
443 3388 556 3459 expleta
578 3392 628 3444 est.
665 3407 732 3443 nam
756 3388 787 3442 in
804 3390 914 3443 textum
931 3387 1004 3441 nihil
1021 3387 1136 3457 recepit,

126 3459 176 3512 sed
194 3458 225 3512 in
243 3459 427 3514 adnotatione
450 3463 563 3516 tanturn
584 3459 723 3516 indicavit
745 3476 818 3529 quae
841 3460 971 3514 deessent
995 3460 1021 3513 ‘e
1040 3458 1136 3514 codice

124 3529 293 3600 perantiquo
320 3530 351 3584 in
375 3533 593 3588 commentariis’
618 3531 781 3588 restitutum
805 3530 849 3585 iri.
889 3547 987 3585 verum
1008 3530 1039 3583 hi
1063 3547 1136 3584 com-

125 3601 258 3655 mentarii
276 3618 421 3670 nunquam
439 3602 531 3658 lucem
548 3604 688 3659 viderunt.
