2436 3826
127 189 154 242 X
437 192 638 244 PRAEFATIO
656 193 826 244 EDITORIS

130 361 161 417 et
185 359 304 418 saeculo
329 358 442 418 decimo
466 358 596 417 seeundo
619 361 674 418 aut
696 359 787 418 tertio
811 360 866 417 aut
889 357 1003 417 decimo
1032 362 1141 436 quarto

129 448 254 506 ineunte
287 447 400 523 scripti.
449 447 481 504 hi
512 446 663 507 immerito
699 467 717 507 a
748 447 908 525 permultis
939 446 1012 507 viris
1045 447 1141 507 doctis

130 554 199 595 oum
225 536 439 596 recentissimis
461 535 525 594 illis
552 536 777 596 confunduntur
807 540 837 596 et
859 536 910 597 vix
931 535 1141 610 inspiciuntur.

130 625 217 702 siqua
245 629 348 686 autem
375 644 479 685 eorum
508 625 657 701 scriptura
689 625 827 684 alicunde
861 625 1012 702 innotuit,
1050 644 1141 701 quam

129 714 216 773 unice
248 733 350 775 veram
383 732 448 773 esse
474 714 524 774 vel
551 713 641 776 inriti
673 714 833 774 concedere
866 716 1032 792 coguntur,
1069 715 1142 772 felix

129 803 247 862 librarii
283 803 411 863 alieuius
446 802 618 862 coniectura
650 803 762 863 dicitur
793 805 848 863 aut
880 802 1003 862 abbates
1040 804 1141 862 neseio

129 893 182 969 qui
200 892 294 951 mirae
313 893 489 970 sagacitatis
512 891 669 969 finguntur
691 893 743 969 qui
766 893 842 952 talia
861 883 1141 973 excogitaverintl).

130 981 216 1058 quasi
238 999 310 1041 vero
333 980 425 1039 iidem
443 981 657 1041 homunciones
680 1000 757 1057 quos
778 982 811 1039 in
833 981 918 1039 nulla
941 980 1059 1040 salebra
1077 984 1142 1040 tur-

128 1069 251 1146 pissime
278 1069 448 1129 titubantes
476 1073 507 1129 et
533 1069 671 1130 labantes
698 1089 758 1129 non
786 1069 937 1146 videmus,
970 1070 1038 1128 aliis
1067 1070 1141 1128 locis

128 1157 306 1236 gravissime
333 1159 483 1234 corruptis
508 1158 678 1236 Scaligeros
700 1158 856 1218 Bentleios
878 1158 1067 1217 Hermannos
1091 1177 1140 1217 su·

127 1247 301 1323 paraverint
328 1247 474 1306 acumine.
524 1246 615 1307 huius
647 1248 742 1326 igitur
774 1247 892 1325 generis
925 1247 1041 1306 codices
1074 1247 1141 1305 dili-

129 1336 251 1413 gentius
288 1355 378 1413 quam
410 1356 429 1395 a
460 1336 613 1413 plerisque
649 1335 686 1395 fit
722 1335 912 1394 examinandi
944 1339 1016 1395 sunt
1050 1338 1081 1394 et
1116 1336 1142 1398 si

128 1425 295 1501 scripturas
323 1425 477 1487 continent
503 1426 536 1483 in
562 1424 781 1485 vetustioribus
808 1444 869 1484 non
896 1425 1026 1484 traditas
1050 1425 1140 1484 etde

128 1514 234 1572 fraude
266 1532 329 1575 non.
354 1517 527 1592 suspectas,
560 1515 604 1574 ita
630 1514 662 1573 in
690 1513 838 1572 auxilium
864 1514 992 1574 vocandi
1018 1516 1055 1572 ut
1081 1533 1142 1573 non

129 1621 230 1662 omnes
258 1622 363 1662 eorum
393 1603 613 1678 discrepantiae
638 1605 798 1663 enotentur
820 1603 872 1662 sed
895 1602 1050 1680 graviores
1073 1605 1140 1660 tan-

131 1694 198 1751 tum
222 1696 252 1751 et
274 1692 427 1752 mentione
449 1692 610 1770 digniores.

197 1781 255 1840 Sed
281 1781 343 1840 iam
372 1782 537 1841 redeamus
557 1781 596 1841 ad
618 1782 749 1841 Florum.
795 1798 865 1839 oum
888 1778 968 1838 enim
991 1779 1030 1837 ad
1052 1796 1139 1838 suam

128 1888 374 1948 unumquemque
397 1871 574 1947 scriptorem
596 1889 732 1930 normam
755 1868 903 1929 edendum
927 1886 991 1927 esse
1015 1886 1138 1927 eonsen-

127 1961 252 2018 taneum
274 1959 323 2035 sit,
346 1958 426 2018 idem
447 1959 480 2016 in
502 1957 593 2016 huius
619 1977 739 2036 quoque
767 1958 837 2017 crisi
863 1958 962 2017 facere
986 1957 1140 2035 debemus,

16 2058 26 2100 3
57 2059 116 2100 icen:
131 2046 217 2106 ouius
249 2065 346 2123 neque
380 2064 482 2105 omnes
510 2046 626 2105 codices
653 2046 777 2105 Iahnius
804 2047 1003 2125 Halmiusque
1034 2066 1141 2125 cogno·

129 2136 237 2196 verant
264 2153 361 2212 neque
391 2153 468 2211 quos
494 2134 525 2191 in
552 2152 643 2192 usum
673 2137 857 2195 vocaverunt
878 2135 923 2193 ita
946 2138 1142 2195 contulerunt

128 2226 165 2283 ut
186 2241 257 2282 cum
278 2223 449 2299 pulvisculo
473 2222 613 2281 exhausti
635 2240 699 2282 esse
722 2222 783 2281 diei
805 2222 930 2297 possint.

95 2325 115 2364 B
195 2311 366 2388 Principem
384 2312 480 2389 igitur
500 2313 654 2372 vetustate
672 2312 773 2370 locum
785 2310 865 2370 inter
879 2328 980 2368 omnes
995 2312 1078 2371 Flori
1092 2332 1140 2372 oo·

129 2400 210 2459 dices
230 2432 271 2441 -
290 2400 323 2459 id
341 2400 422 2477 quod
444 2400 626 2459 monendum
648 2403 695 2459 est
714 2401 819 2459 contra
840 2398 1007 2474 Sauppium
1025 2391 1142 2479 (opusc.

127 2510 157 2566 p.
178 2481 256 2572 609)
280 2521 322 2530 -
345 2488 626 2567 Bambergensis
648 2489 673 2546 E
696 2488 744 2548 III
768 2491 808 2549 22
833 2479 890 2571 (B)
914 2490 1007 2565 tenet,
1031 2488 1142 2564 quippe

129 2578 182 2655 qui
200 2578 262 2637 iam
280 2579 400 2638 saeculo
419 2597 498 2638 nono
516 2579 640 2638 ineunte
660 2580 800 2638 exaratus
819 2578 868 2656 sit,
891 2595 960 2635 oum
978 2576 1141 2636 Nazariani

128 2667 279 2744 scriptura
305 2667 367 2727 iam
396 2667 441 2726 ita
464 2667 502 2726 ad
525 2685 653 2745 sequens
676 2668 832 2727 saeculum
853 2670 962 2744 vergat
984 2669 1020 2725 ut
1042 2667 1140 2726 medio

128 2757 178 2817 vel
196 2757 318 2815 exeunti
337 2756 451 2816 decimo
469 2756 610 2818 videatur
627 2756 806 2816 tribuendus
821 2747 926 2835 esse²).
950 2755 1140 2816 membranae

128 2847 200 2904 sunt
230 2845 345 2905 formae
375 2845 584 2922 quadrantalis
615 2845 741 2905 minoris
772 2836 1035 2927 (0,13><0,1e)
1068 2846 1142 2904 satis

128 2952 247 2995 crassae
271 2936 303 2992 et
324 2933 441 3012 fuscae,
468 2934 500 2992 in
528 2953 658 3009 quarum
684 2933 805 3010 paginis
829 2935 870 2992 53
894 2951 992 3010 usque
1014 2935 1053 2993 ad
1077 2938 1141 2994 214

130 3055 169 3065 -
190 3042 261 3083 nam
279 3022 463 3098 praecedunt
481 3017 613 3083 ‘Daretis
627 3023 723 3100 Frigii
741 3015 880 3082 historia'
901 3026 932 3081 et
946 3017 1141 3084 ‘breviarium

126 3106 223 3172 Festi'
257 3111 362 3189 paullo
393 3112 594 3172 recentiorum
626 3130 773 3170 manuum
802 3142 840 3152 -
870 3111 979 3170 Florus
1011 3111 1140 3189 singulis

200 3282 227 3361 1)
245 3297 309 3334 oum
326 3279 399 3334 tedes
416 3279 491 3336 viros
510 3279 603 3349 qualis
623 3279 755 3334 Servatus
772 3279 867 3348 Lupus
881 3277 1067 3333 Ferramensie
1085 3279 1142 3333 fuit

127 3350 285 3406 rariss1mos
313 3351 401 3406 fuisse
427 3354 550 3420 constat,
578 3353 639 3404 tum
665 3368 806 3418 nusquam
830 3350 877 3404 hio
899 3350 930 3404 in
952 3349 1081 3420 epistulis
1105 3351 1140 3404 de

128 3421 312 3490 scriptoribus
331 3440 349 3477 a
367 3439 397 3477 ae
412 3439 446 3476 ex
458 3422 573 3492 ingenio
588 3421 743 3476 emendatis
758 3421 890 3491 loquitur,
913 3421 963 3476 sed
978 3421 1013 3475 de
1027 3438 1141 3475 suorum

128 3492 331 3563 exemplarium
348 3493 426 3548 vitiis
446 3493 655 3564 comparatione
673 3492 793 3547 aliorum
812 3492 940 3547 codicum
961 3491 1104 3547 sanandis.

198 3568 226 3634 2)
243 3582 269 3620 v.
289 3580 362 3633 quae
382 3564 483 3619 ‘musei
501 3563 642 3619 Rhenani’
661 3563 748 3618 XLIV
767 3567 857 3635 (1889)
874 3582 902 3634 p.
918 3571 951 3619 67
971 3565 1094 3634 exposui.
