2436 3826
152 194 218 259 240
598 198 713 248 1111111

170 354 295 425 castigat
309 360 369 424 109,
380 361 404 410 6,
423 372 550 410 reversus
563 355 630 409 an-

171 443 216 478 sar
252 426 283 479 in
319 427 439 480 eundem
469 443 564 479 rursus
598 425 629 480 Ο.

703 354 776 408 cidio
809 354 918 408 incolae
950 355 1028 409 bello
1065 357 1176 412 Punico

702 425 792 495 primo
810 427 951 479 terrentur
969 432 1011 495 44,
1031 433 1068 481 12

171 502 235 565 109,
252 505 275 551 7.
312 496 388 551 idem
415 499 543 551 revectus
568 496 630 567 ipso
686 496 865 567 Olympon,
884 496 1044 566 piratarum
1065 501 1177 572 urbem,

169 585 280 637 quoque
296 567 326 622 O.
343 568 500 636 tranquillo
517 573 629 636 109,11.
702 568 732 622 Ρ.
753 568 888 622 Servilius
907 569 1009 622 evertit
1031 575 1097 641 101,
1114 579 1150 626 21

170 639 308 694 Sertorius
345 639 375 692 in
407 639 438 694 O.
471 638 631 708 penetravit
685 638 874 710 Olympum,
911 639 996 694 Asiae
1032 645 1176 714 montem,

170 710 428 779 101111111134,14.
459 710 490 766 O.
509 709 630 764 felicita·
701 710 885 781 Tolostobogi
902 711 1028 765 insident
1049 719 1131 783 69,8

170 784 228 834 tem
243 781 370 836 Caesaris
391 784 501 836 secutus
517 787 630 850 143,10.
685 781 1175 856 Olyndicus,Oeltiberorumdux,

169 850 199 904 in
213 852 272 906 eius
288 853 359 907 ostio
369 853 460 907 Varus
475 853 630 919 Didiusque

702 852 760 921 pilo
779 852 875 924 vigilis
895 855 1027 924 exceptus
1050 861 1096 926 80,
1114 864 1131 911 3

170 924 317 976 conflixere
347 929 411 990 151,
431 931 456 978 4.
496 941 530 976 ex
562 940 630 977 auro
685 940 780 977 omen
796 924 949 978 eversionis
962 925 1085 981 habitus
1100 929 1176 984 fera·

170 993 299 1062 captivus
315 994 346 1047 O.
362 994 391 1046 in
405 994 547 1063 triumpho
562 994 630 1049 an-

169 1063 241 1116 saris
254 1069 365 1132 153,11.
391 1081 448 1118 non
461 1067 630 1133 praeparata

169 1133 286 1187 Antonii
307 1134 337 1187 in
356 1150 420 1187 eum
437 1135 506 1204 iuga
525 1141 590 1204 168,
605 1142 629 1190 9.

168 1205 200 1258 11
231 1204 314 1259 111011
343 1205 401 1259 eius
429 1223 485 1260 non
513 1208 631 1261 steterat

169 1276 318 1346 imperium
337 1283 452 1346 176,13.
481 1279 517 1331 ab
537 1278 568 1331 O.
588 1277 629 1330 in-

703 993 739 1047 lis
753 995 933 1049 Fidenatium
947 1002 991 1065 22,
1002 1002 1028 1051 2.
1056 1016 1082 1054 0.
1098 1001 1175 1054 Afri·

703 1082 789 1120 canae
817 1065 952 1121 victoriae
979 1070 1060 1135 quod
1087 1071 1173 1126 facile

701 1137 778 1190 victa
797 1140 840 1191 est
853 1137 1007 1208 Hispaniae
1022 1139 1173 1214 Carthago

702 1212 749 1276 58,
770 1214 811 1263 15.
849 1226 867 1262 a
889 1210 992 1264 Moesis
1015 1211 1125 1267 datum
1148 1231 1171 1268 0.

702 1279 812 1348 accepit
828 1279 866 1334 M.
887 1280 1002 1335 Crassus
1023 1288 1141 1353 171,17

168 1347 243 1400 festa
262 1347 352 1401 classe
375 1349 456 1420 terga
475 1348 629 1403 Cantabro-
684 1365 701 1402 a
728 1350 757 1404 L.
787 1349 922 1420 Opimio
950 1369 1005 1407 cos.
1031 1357 1113 1425 (121)
1143 1355 1169 1410 O.

167 1437 230 1471 rum
241 1420 396 1473 caeduntur
406 1425 466 1488 178,
478 1425 519 1475 18.
539 1421 629 1474 maria
702 1420 842 1475 Gracchus
862 1439 1010 1492 oppressus
1032 1431 1147 1496 119,11

167 1490 245 1560 prius
274 1491 333 1544 eius
362 1508 447 1560 quam
472 1508 551 1545 arma
573 1492 628 1545 Ro·
684 1490 919 1563 Opiterginos,
943 1495 1086 1565 populum
1113 1499 1169 1552 Ita·

168 1578 253 1614 mana
284 1561 315 1614 in
341 1561 477 1616 Vindium
504 1565 629 1617 montem

700 1563 764 1632 liae,
772 1564 828 1618 fert
836 1564 906 1618 ratis
913 1565 1168 1638 ansariana144,1

168 1649 319 1686 ascensura
354 1649 414 1687 esse
451 1634 629 1688 crediderant
685 1634 865 1703 opulentia
896 1637 1025 1706 paritura
1056 1643 1168 1710 egesta·

168 1703 304 1758 Cantabri
324 1709 384 1774 179,
400 1711 415 1757 3

701 1708 759 1759 rem
778 1711 837 1774 114,
854 1712 886 1759 13

149 1782 359 1852 0111101111,
396 1784 523 1839 validum
554 1784 630 1838 Latii
684 1776 777 1830 Orbis
801 1777 949 1846 imperium
969 1782 1002 1832 ut
1019 1780 1168 1838 Romanus

168 1854 316 1924 oppidum,
341 1857 455 1924 captum
476 1873 493 1909 a
513 1855 629 1924 Tarqui-

168 1927 215 1978 nio
230 1926 355 1995 Superbo
371 1932 413 1995 13,
425 1933 468 1980 20.
495 1926 571 1980 bello
586 1944 628 1980 so-

168 1996 235 2050 ciali
253 1999 382 2050 vastatur
401 2003 492 2067 124,1

149 2075 178 2131 O.
194 2076 374 2130 Octavium
387 2077 453 2132 trib.
467 2078 542 2147 pleb.
556 2080 628 2147 (133)

169 2147 301 2201 abdicare
321 2164 349 2200 11
369 2149 539 2217 magistratu
553 2148 629 2218 cogit

167 2217 209 2271 Ti.
229 2217 370 2272 Gracchus
390 2224 499 2287 118,12

150 2295 202 2350 On.
219 2295 363 2350 Octavio
381 2298 539 2353 Oornelio
552 2299 628 2354 Oin-

167 2384 209 2419 na
233 2383 302 2422 coss.
327 2371 382 2438 (87)
410 2371 561 2424 resurrexit
586 2370 628 2424 in·

167 2438 298 2491 cendium
307 2438 377 2493 belli
386 2440 508 2495 Mariani
518 2448 626 2511 130,20.

165 2526 266 2562 manus
299 2511 389 2565 omnis
421 2512 480 2566 eius
509 2513 627 2583 depulsa

167 2580 294 2635 Ianiculo
327 2599 345 2635 a
376 2583 466 2637 Mario
495 2591 560 2654 131,
584 2591 626 2640 14.

701 1847 743 1900 111
757 1847 867 1902 Poenus
886 1850 1053 1905 adfectabat
1068 1859 1167 1922 42,12,

702 1935 727 1972 0.
741 1920 880 1972 terrarum
893 1920 1000 1975 viribus
1014 1922 1108 1978 fultus
1119 1942 1168 1995 po-

700 1991 783 2059 pulus
802 1991 945 2045 Romanus
965 1996 1068 2061 83,13.
1105 1999 1168 2051 1010

702 2078 726 2116 0.
738 2061 821 2116 divisi
830 2062 960 2116 Britanni
971 2069 1063 2132 106,9.
1085 2068 1170 2136 quasi

700 2133 834 2187 Romanis
849 2149 943 2188 0101
957 2135 1109 2207 sufficeret,
1127 2140 1169 2193 al-

700 2206 792 2257 terum
814 2205 953 2275 cogitavit
976 2206 1082 2261 Caesar
1104 2215 1168 2280 108,

701 2280 742 2330 19.
770 2275 891 2345 populus
910 2294 934 2333 0.
953 2294 1102 2346 possessor
1121 2299 1169 2336 ex·

699 2345 782 2398 torris
812 2347 868 2401 aris
897 2365 929 2401 ac
958 2349 1027 2402 focis
1058 2353 1169 2433 agebat

701 2421 760 2485 117,
772 2424 796 2472 9.
823 2434 847 2473 o.
862 2418 1011 2488 imperium
1025 2425 1168 2478 secretate

699 2487 785 2541 trium
818 2489 977 2565 principum
1009 2499 1169 2564 occupatur

700 2564 790 2627 141,1

167 2651 227 2705 eius
261 2656 347 2722 caput
372 2672 423 2724 pro
451 2657 548 2710 rostris
581 2673 627 2710 ex·
682 2631 757 2700 apud
793 2630 1037 2702 01⁰h⁰m⁰¹1⁰¹11
1075 2636 1167 2691 3000·

167 2723 282 2793 ponitur
301 2731 410 2794 131,16

150 2802 317 2858 Octavius
335 2805 431 2876 Libo,
454 2807 569 2878 Pompei
587 2807 626 2860 le-

167 2877 263 2946 gatus,
287 2875 466 2931 Dolabellam
489 2880 518 2932 et
540 2880 627 2932 Anto-

165 2946 243 2999 nium
263 2947 446 3002 circumvenit
465 2954 524 3019 143,
540 2955 572 3003 17

147 3025 228 3080 odia
248 3027 372 3097 partium
389 3044 447 3082 non
464 3029 546 3083 finita
564 3047 627 3084 cum

165 3097 240 3152 bello
261 3104 320 3170 140,
336 3105 351 3151 1

149 3176 337 3232 Oenomaus
354 3196 416 3233 cum
429 3180 564 3250 Spartaco
575 3180 625 3234 Ca-

165 3266 222 3318 pua
242 3250 363 3320 erumpit
382 3257 441 3320 127,
457 3258 490 3305 13

147 3328 178 3382 in
192 3329 358 3383 officinas
373 3349 513 3386 armorum
529 3349 628 3386 aurum

698 2701 756 2755 tiae
780 2703 929 2773 oppidum,
953 2705 1031 2774 Sylla
1051 2706 1166 2762 Mithri·

699 2773 774 2827 datis
798 2775 893 2845 copias
915 2776 1068 2847 dissiparit
1088 2784 1131 2848 97,
1149 2786 1164 2834 5

682 2843 921 2916 Orgiacontis,
963 2847 1165 2919 Gallograeco-

698 2933 760 2968 rum
796 2917 883 2988 regis,
916 2935 986 2972 uxor
1020 2921 1166 2976 revolsum

699 2986 822 3041 adulteri
835 2989 924 3042 hostis
935 2992 1021 3059 caput
1030 2991 1068 3044 ad
1078 2994 1166 3046 mari-

698 3060 759 3110 tum
777 3060 934 3128 reportarit
953 3066 994 3129 69,
1012 3069 1044 3115 12

681 3129 718 3183 ad
738 3128 884 3200 Oricum,
909 3132 1094 3188 Macedoniae
1114 3153 1164 3206 op·

698 3200 805 3270 pidum,
825 3205 918 3256 castra
938 3203 1165 3276 1011111110-

699 3271 755 3396 pipp
768 3278 826 3395 1314,
838 3279 878 3328 16.
901 3274 932 3331 O.
947 3278 1043 3328 vastat
1058 3277 1167 3332 Caesar

753 3387 760 3412 1

164 3402 194 3454 el
208 3404 356 3471 argentum
370 3403 626 3465 conflabumacar·
681 3418 882 3470 ornamenta
909 3417 1058 3486 Tarquinii
1085 3420 1164 3490 prin-

165 3471 392 3541 thaginiensibus
413 3479 454 3543 74,
469 3479 503 3527 25

142 3549 267 3608 Olbiae
300 3553 452 3612 Sardiniae
471 3555 565 3628 urbis,
583 3572 629 3612 11-

699 3485 756 3554 cipi
768 3488 873 3556 populo
888 3489 1059 3544 addiderunt
1068 3490 1164 3562 digni-

699 3559 795 3611 tatem
807 3563 885 3624 1b,t
