2436 3826
98 193 185 248 LVIII
408 197 609 249 PRAEFATIO
628 196 798 248 EDITORIS

97 362 289 422 transtulisse
313 363 536 440 comparatione
563 363 727 441 fragmenti
749 363 906 421 Annaeani
933 361 1015 438 apud
1033 361 1111 422 Lac·

97 451 229 510 tantium
252 470 321 511 oum
343 453 439 528 ipsius
462 452 650 528 praefatione
669 450 847 512 ostenditur.
871 469 964 528 quare
983 454 1112 511 nonest
1143 522 1148 527 .

98 540 298 600 dubitandum
326 541 399 619 quin
422 542 567 601 nonnulla
590 541 763 612 mutaverit,
792 541 854 599 alia
877 539 1020 616 omiserit,
1048 540 1112 599 alia

97 629 224 707 denique
254 630 291 689 de
320 648 374 689 suo
399 633 454 690 aut
477 631 599 690 aliunde
623 629 774 689 adiecerit.
820 631 941 706 praeter
964 629 1111 688 Senecam

15 728 75 770 suus
97 722 199 778 autem
223 719 335 778 alicubi
357 719 395 778 ab
419 739 453 779 eo
473 719 615 794 Livium
635 718 805 778 adhibitum
823 735 887 778 esso
906 718 966 777 iam
983 720 1111 794 propter

95 809 210 867 clarum
238 808 303 867 eius
329 827 439 868 nomen
465 808 620 885 probabile
650 812 708 885 est,
742 807 799 866 etsi
825 807 931 866 multis
959 807 1033 866 locis
1062 807 1110 866 di-

95 915 182 958 versa
205 897 242 956 ab
273 916 307 955 eo
335 897 416 956 tradi
443 887 603 976 constat1).
650 899 783 956 ceterum
805 896 858 955 ubi
881 896 960 954 inter
983 914 1014 955 se
1038 914 1109 955 con·

96 985 231 1045 sentiunt
262 985 448 1061 probabilius
480 989 555 1061 puto
587 986 619 1044 id
649 985 694 1044 ita
721 984 862 1044 effectum
890 1003 955 1044 esse
982 987 1018 1044 ut
1046 985 1109 1045 iam

96 1073 209 1133 Seneca
232 1074 317 1134 Livio
345 1092 419 1133 usus
447 1074 487 1133 sit
515 1093 605 1151 quam
632 1077 668 1133 ut
690 1074 797 1133 Florus
825 1074 905 1132 hunc
930 1074 1029 1149 ipsum
1053 1078 1111 1135 aut

95 1162 257 1238 epitomam
280 1162 345 1221 eius
368 1162 514 1237 periochis
538 1163 626 1222 hodie
649 1162 865 1238 superstitibus
887 1163 1052 1238 pleniorem
1075 1163 1110 1223 in

93 1269 184 1310 usum
201 1242 397 1334 vocaveritl).
425 1251 531 1311 deinde
551 1252 582 1310 in
601 1251 750 1328 capitibus
770 1252 806 1310 de
825 1251 905 1311 bello
924 1251 1107 1329 Iugurthino

95 1342 125 1399 et
148 1339 184 1399 de
208 1340 415 1400 coniuratione
435 1339 584 1400 Catilinae
608 1340 756 1417 quaedam
773 1340 871 1399 inesse
891 1343 1009 1400 constat
1029 1359 1108 1417 quae

1 1449 28 1478 u·
41 1439 75 1479 'ue
95 1447 131 1488 ex
154 1429 328 1488 Sallustii
346 1429 431 1488 libris
450 1449 504 1505 per
521 1432 619 1489 totam
639 1429 853 1507 antiquitatem
870 1429 1002 1487 multum
1020 1429 1109 1489 lecti·

92 1518 166 1578 tatis
194 1521 225 1577 et
251 1518 397 1578 imitando
426 1518 573 1595 expressis
604 1519 750 1596 originem
774 1509 926 1599 ducantss).
972 1518 1003 1576 in
1027 1519 1109 1579 bollo

93 1610 195 1667 autem
228 1607 364 1667 Caesaris
402 1606 517 1667 Gallico
550 1610 587 1667 ‘et
622 1607 654 1665 in
691 1608 771 1666 bello
809 1606 891 1668 civili
923 1607 1109 1682 Pompeiano

0 1714 64 1754 sarrs
95 1701 201 1772 aperta
236 1697 367 1789 vestigiq
409 1697 750 1756 commentariorum
787 1693 956 1754 Caesaris
992 1696 1108 1757 insunt.

0 1779 67 1860 „ssn'
93 1785 222 1845 forsitan
245 1785 320 1845 alios
344 1804 464 1863 quoque
491 1785 590 1846 fontes
612 1786 645 1844 in
667 1785 779 1844 librum
803 1802 891 1842 suum
916 1784 1108 1862 derivaverit,

94 1893 168 1951 quos
200 1874 289 1933 hodie
316 1874 460 1952 indagare
491 1893 552 1933 non
582 1892 760 1952 possumus,
797 1873 849 1932 sed
880 1873 930 1933 vix
963 1873 1106 1934 credibile

92 1963 213 2023 videtur
240 1963 308 2021 aliis
337 1982 407 2022 eum
434 1963 609 2023 auctoribus
637 1981 725 2022 usum
756 1980 819 2022 esse
844 1981 935 2038 qnam
962 1962 1014 2038 qui
1041 1961 1108 2022 Ha-

92 2051 190 2110 driani
231 2053 331 2110 aetate
373 2054 458 2110 erant
498 2051 657 2111 notissimi.
712 2052 768 2111 hoc
799 2069 870 2111 vero
903 2053 1020 2110 certum
1057 2056 1106 2112 est

93 2159 129 2198 ex
157 2159 192 2198 ea
221 2159 311 2216 quam
333 2140 370 2198 A.
388 2139 512 2216 Egenus
540 2140 751 2200 dissertatione
779 2139 1009 2199 Monasteriensi
1032 2141 1106 2200 anni

90 2225 363 2287 MDCCOLXXXII
385 2228 530 2304 inscripta
560 2222 607 2287 ‘de
635 2228 724 2288 Floro
752 2228 895 2288 historico
924 2229 1104 2290 elocutionis

92 2316 233 2376 Taciteae
253 2312 418 2376 imitatore'
437 2317 655 2377 demonstravit
673 2317 817 2377 orationis
836 2317 991 2376 amborum
1010 2319 1105 2396 scrip·

90 2408 192 2464 torum
215 2405 411 2466 similitudine
438 2425 498 2465 non
526 2406 605 2466 effici
629 2407 708 2484 quod
736 2407 785 2466 hio
806 2406 906 2466 soluit
930 2397 971 2487 (p.
987 2398 1045 2488 49)
1068 2412 1106 2468 ut

92 2494 216 2554 Tacitus
247 2513 266 2553 a
296 2494 387 2554 Floro
419 2494 573 2556 adbibitus
610 2496 657 2555 sit.
708 2496 812 2554 eadem
847 2495 926 2554 enim
960 2495 1106 2557 elocutio-

163 2720 188 2787 1)
207 2736 232 2771 v.
244 2735 328 2788 supra
342 2736 368 2787 p.
380 2717 487 2772 XLVII.
502 2717 592 2772 multa
606 2717 708 2786 quibus
722 2717 820 2772 Florus
836 2734 853 2771 a
867 2716 946 2770 Livio
962 2717 1105 2788 discrepat

91 2789 119 2844 0.
138 2789 173 2844 H.
193 2789 318 2859 Heyuius
347 2788 377 2842 in
405 2789 640 2844 commentatione
666 2804 739 2857 quac
761 2788 925 2843 inscribitur
950 2789 996 2843 ‘de
1018 2789 1103 2846 Floro

89 2859 235 2942 historieo’
256 2861 381 2930 (Bonnac
401 2862 480 2928 1866)
499 2878 526 2928 p.
541 2866 626 2929 37sq.
647 2859 835 2927 enumeravit,
855 2860 905 2914 sed
922 2876 1105 2929 nequaquam

91 2949 193 2987 omma.

162 3005 188 3072 2)
217 3002 248 3058 Ε.
267 3001 398 3057 Klebsius
422 3001 611 3072 (Testschn'ft
638 3002 683 3055 fiir
708 3002 736 3055 L.
756 3001 966 3056 Friedlaender'
991 3022 1018 3072 p.
1038 3007 1102 3074 231)

91 3073 173 3130 dicit:
207 3073 316 3128 ‘Florus
339 3090 392 3144 gar
413 3073 465 3127 hat
488 3072 585 3127 seinen
602 3072 700 3126 Abriss
723 3071 762 3125 im
786 3072 986 3127 wesentliohen
1009 3073 1104 3129 ciuem

90 3145 219 3216 einzigon
237 3144 423 3199 lateiniscben
442 3143 558 3213 werke,
583 3143 674 3198 einem
692 3144 806 3214 Auszug
829 3161 879 3198 aus
900 3145 955 3198 den
972 3145 1104 3201 Annalen

90 3217 139 3271 des
159 3216 263 3284 Livius,
283 3216 483 3271 entnommen'.

160 3291 187 3357 3)
206 3305 231 3342 v.
248 3305 332 3358 supra
350 3307 376 3358 p.
392 3288 495 3355 XXIII,
515 3285 543 3340 C.
558 3286 640 3368 Hepn
656 3286 703 3340 ‘de
716 3285 798 3340 Floro
812 3285 958 3342 historico’
975 3287 1102 3358 (Bonuae

91 3362 170 3430 1866)
184 3378 211 3428 p.
222 3365 256 3413 49
267 3377 307 3427 sq.
323 3361 352 3413 et
365 3360 397 3412 A.
413 3359 448 3413 de
463 3357 629 3412 Gutsehmid
644 3356 754 3413 ‘Kleine
769 3357 920 3412 Schriften'
937 3358 977 3413 III
995 3377 1022 3428 p.
1038 3365 1101 3415 504.

90 3429 178 3484 etiam
201 3429 327 3485 historiis
347 3429 475 3484 Sallustii
492 3427 604 3482 Florum
628 3446 709 3482 usum
732 3445 793 3484 esse
815 3430 935 3498 probare
954 3430 1050 3485 studet
1067 3430 1100 3487 B.

76 3499 322 3625 Mparerpbrlchrer
350 3501 382 3554 in
410 3499 536 3556 edItione
567 3498 750 3569 reliquiarum
780 3500 962 3555 historiarum
995 3500 1054 3556 eius
1087 3504 1102 3558 I

56 3581 88 3628 p.
127 3573 182 3621 ὅθ
214 3587 233 3624 a
252 3569 258 3581 '
277 3571 297 3630 ι’.
