2436 3826
392 211 393 214 ’
439 213 464 281 1,
484 217 526 267 41.
546 218 579 266 aa
599 212 660 282 (ΠΙ,
681 215 769 283 e-r).
1049 214 1113 279 103

101 384 205 458 portus
234 380 317 439 sinus
345 378 472 439 latebras
501 397 638 440 recessus
662 382 869 459 promunturia
891 381 967 441 freta
990 384 1113 460 paenin-

103 467 182 528 sulas
211 467 356 547 quidquid
383 470 546 546 piratarum
574 469 630 529 luit
653 469 778 548 quadam
802 469 939 548 indagine
963 469 1112 530 inclusum

79 565 133 617 -et
154 574 335 635 oppressum
353 564 407 617 est.
454 559 518 636 ipse
540 557 699 636 Pompeius
723 560 754 618 in
773 559 918 637 originem
942 559 1112 638 fontemque
1133 570 1182 630 11,

102 642 172 705 belli
196 644 339 727 Ciliciam,
362 664 417 706 nec
440 646 541 706 hostes
565 646 765 708 detractavere
789 653 962 708 certamen·
993 666 1052 707 non
1076 667 1112 708 ex
1135 660 1167 708 13

75 734 223 814 eudocia,
257 734 308 794 sed
342 737 410 814 quia
432 737 579 814 oppressi
611 742 708 816 erant,
741 738 806 797 ausi
836 736 1027 818 videbantur3
1060 737 1113 797 sed

103 822 178 883 nihil
205 830 304 884 tamen
333 823 459 902 amplius
489 842 577 902 quam
604 831 638 885 ut
625 824 697 885 tad
720 827 850 904 primum
872 827 964 886 ictum
988 844 1113 886 coneur-

102 919 213 972 nerent.
262 931 331 972 mox
367 913 419 974 uhi
456 913 636 974 circumfusa
673 913 804 993 undique
836 920 900 974 rost
901 932 933 974 ra
965 914 1113 995 viderunt,

103 999 350 1062 abiectisstatirn
373 1000 441 1062 telis
464 1003 615 1081 remisque
639 1002 744 1082 plausu
767 1003 899 1082 undique
927 1005 1005 1083 pari,
1034 961 1113 1082 quod

105 1089 334 1168 supplicantium
367 1092 484 1169 signum
516 1090 584 1172 tuit,
620 1093 710 1151 vitam
741 1090 918 1170 petiverunt
964 1110 1025 1153 non
1056 1092 1113 1153 alia
1134 1105 1167 1154 14

64 1190 91 1230 1⁰
103 1187 164 1238 tam
188 1181 342 1240 incruenta
365 1182 488 1240 victoria
510 1182 558 1240 usi
581 1199 721 1259 umquam
744 1199 859 1261 sumus3
886 1181 938 1241 sed
962 1200 1028 1242 nec
1041 1181 1113 1243 fide-

103 1266 161 1327 lior
183 1270 214 1327 in
237 1275 391 1347 posterum
414 1276 532 1347 reperta
553 1287 626 1347 gens
645 1268 704 1330 ulla
723 1277 776 1330 est.
813 1269 903 1348 idque
922 1277 1113 1349 prospectum

104 1356 247 1434 singulari
271 1357 394 1418 consilio
414 1357 509 1438 duola,
533 1360 584 1436 qui
603 1360 784 1418 maritimum
803 1376 896 1437 genus
916 1377 932 1418 a
952 1367 1114 1437 conspectu

103 1444 189 1523 longe
219 1449 346 1506 removit
378 1448 468 1506 maris
501 1454 531 1506 et
562 1446 788 1507 mediterraneis
817 1449 897 1525 agris
925 1450 1011 1526 quasi
1039 1447 1112 1508 ohli-

27 1526 33 1540 '
103 1536 193 1615 gavit,
222 1531 384 1613 eodemque
407 1543 541 1612 tempore
565 1542 596 1617 et
617 1553 704 1595 usum
728 1537 819 1596 maris
842 1535 966 1596 navibus
990 1555 1113 1614 recupe-

62 1631 90 1672 15
103 1625 180 1683 ravit
201 1630 230 1684 et
252 1632 349 1684 terrae
372 1623 508 1683 homines
533 1641 603 1684 suos
626 1623 763 1684 reddidit.
801 1623 873 1702 quid
896 1626 980 1702 prius
1004 1627 1036 1684 in
1057 1624 1112 1685 hac
1132 1637 1166 1686 15

102 1713 213 1772 mirere
244 1709 389 1773 victoria?
425 1709 631 1773 velocitatem?
671 1712 916 1791 quadragensimo
949 1712 996 1772 die
1029 1719 1113 1792 parta

103 1808 156 1860 est.
202 1820 239 1861 an
271 1798 463 1862 felicitatem?
495 1820 533 1862 ne
565 1820 624 1861 una
656 1801 777 1880 quidem
809 1803 891 1861 navis
922 1803 1029 1862 amissa
1057 1809 1111 1862 est.

103 1907 140 1949 an
163 1907 233 1950 vero
255 1887 508 1970 perpetuitatem?
531 1889 656 1968 amplius
679 1892 792 1968 piratae
815 1908 875 1950 non
901 1889 1031 1951 luerunt.

363 2103 447 2164 XLII.
480 2102 629 2163 BELLVM
651 2101 846 2165 CRETICVM.

61 2255 88 2295 20
170 2245 319 2307 Creticum
341 2245 461 2327 bellum,
485 2248 511 2306 si
534 2265 603 2307 vera
625 2246 770 2326 volumus,
794 2245 861 2324 [nos
884 2245 1022 2324 lecimus]
1049 2246 1109 2306 sola
1124 2245 1202 2327 111'‚‘l

102 2335 241 2395 vincendi
267 2334 398 2395 nobilem
421 2334 549 2395 insulam
572 2337 718 2415 cupiditas
742 2336 819 2396 fecit
866 2335 973 2395 lavisse
996 2335 1112 2396 Mithri-

174 2529 188 2576 1
208 2523 400 2593 promuntorio
418 2525 445 2578 L
462 2526 465 2593 Ι
480 2522 660 2604 peneinsulas
676 2524 710 2576 N
724 2539 796 2593 pene
814 2521 921 2576 insulas
936 2525 963 2578 L
976 2525 1015 2591 112
1035 2524 1112 2592 quic-

102 2594 171 2662 quid
188 2595 249 2649 BL
270 2596 273 2663 Ι
296 2596 453 2664 piratarum
470 2595 499 2648 Β
517 2593 672 2663 piratarum
691 2594 712 2663 (i
729 2611 816 2664 supra
832 2611 938 2649 aeream
955 2612 989 2649 m.
1009 2597 1037 2664 1)
1027 2596 1113 2667 )Ν))

102 2670 305 2734 30ppreasum
332 2667 376 2720 est
403 2682 453 2720 em.
478 2665 507 2718 Β
531 2667 536 2734 Ι
561 2679 725 2740 oppressum
747 2667 841 2734 (prior
863 2681 876 2717 a
899 2681 985 2732 sopra
1006 2682 1112 2720 oeream

101 2755 135 2791 m.
157 2740 183 2806 1)
206 2737 241 2791 N
259 2739 268 2804 Ι)
292 2744 308 2791 4
332 2736 526 2791 detractauere
552 2737 685 2804 (priorem
707 2751 725 2789 a
747 2737 779 2790 irc
801 2752 816 2789 e
839 2738 956 2790 metavit
977 2753 1012 2789 m.
1032 2739 1059 2805 1)
1082 2736 1116 2790 N

103 2807 295 2861 detractauere
314 2809 341 2862 L
362 2809 407 2877 1Ιὸ
426 2805 652 2886 oppressiaerant
670 2808 762 2875 (prior
781 2822 798 2860 a
816 2808 904 2875 erere)
924 2806 958 2860 N
971 2809 980 2874 Ι)
1000 2813 1015 2860 7
1033 2806 1112 2860 uide-

102 2879 165 2931 rent
183 2878 211 2930 B
234 2880 243 2947 Ι)
265 2885 281 2932 8
301 2878 419 2933 adiectis
438 2879 465 2932 Β
485 2881 489 2945 Ι
509 2875 577 2930 talis
596 2878 623 2931 Β
643 2880 647 2944 1
667 2876 730 2946 pari
749 2876 823 2945 quod
843 2875 1093 2946 supplicantium
1080 2895 1112 2931 aa

102 2965 204 3003 restore
218 2949 246 3001 Β
260 2952 268 3017 ΙΙ
284 2953 317 3002 10
334 2966 488 3018 numquam
506 2951 535 3017 (n
553 2951 689 3018 expiraret
700 2966 734 3002 ar.
751 2951 782 3017 2)
797 2949 830 3002 N
842 2953 846 3015 Ι
862 2946 982 3001 fideliori
996 2949 1111 3011 Moram·

101 3037 183 3074 aereas
205 3023 214 3088 ll
238 3024 270 3073 11
294 3023 404 3089 reperta
427 3037 496 3090 gens
520 3018 579 3073 ulla
602 3020 645 3072 est
667 3036 717 3074 om.
737 3020 764 3073 B
786 3021 796 3089 ΙΙ
820 3024 852 3072 12
871 3034 957 3088 genvs
981 3021 1009 3087 (v
1026 3036 1112 3100 capra

101 3108 209 3146 oeream
226 3109 261 3145 aa.
280 3092 310 3160 2)
328 3091 363 3144 N
372 3093 381 3159 l
397 3098 428 3144 15
447 3089 574 3145 homines
593 3089 643 3159 (mi
660 3107 746 3158 sopra
764 3107 870 3146 aeream
887 3108 921 3145 m.
936 3093 964 3160 1)
982 3090 1010 3142 Β
1026 3088 1055 3160 Ι
1047 3106 1112 3144 mac

103 3165 130 3244 Β
144 3165 154 3229 ΙΙ
168 3169 201 3217 16
220 3161 305 3215 mirer
325 3161 373 3229 0))
392 3167 425 3215 16
443 3163 519 3231 quod
533 3168 597 3232 poet
614 3160 795 3215 uelocitatem
813 3162 877 3216 add.
898 3161 939 3230 0)
955 3161 1112 3230 quadrage-

101 3233 174 3293 simo
193 3234 253 3287 BL
268 3236 272 3302 Ι
289 3231 364 3286 diem
382 3235 420 3302 (m
437 3235 574 3315 eaprmar't
591 3250 626 3287 m
645 3235 676 3301 2)
695 3233 728 3286 N
738 3236 747 3299 ΙΙ
766 3237 799 3286 17
818 3232 894 3300 quod
913 3238 975 3287 arete
992 3248 1028 3286 ne
1046 3234 1111 3287 add.

105 3305 156 3375 0))
180 3310 213 3359 18
233 3305 308 3373 quod
327 3310 389 3360 arcte
408 3321 473 3374 amp
473 3303 529 3358 lius
547 3304 612 3359 add
631 3302 688 3358 Bc
710 3306 714 3366 Ι
736 3303 859 3375 tulerunt
878 3304 953 3372 (arete
971 3319 986 3357 e
1006 3305 1112 3359 litterae

103 3375 127 3429 it
153 3379 195 3433 oel
217 3378 245 3430 rt
268 3377 378 3444 deletae)
403 3377 430 3430 Β
452 3324 473 3442 p
485 3381 518 3429 19
541 3389 666 3429 Bnnnvru
688 3374 715 3428 L
737 3376 747 3443 ll
770 3379 804 3428 20
827 3390 941 3428 noscare
964 3375 1003 3443 (re
1025 3391 1112 3444 sopra

101 3465 216 3516 oeream,
235 3466 300 3503 rm.
316 3453 331 3502 1
351 3465 385 3502 erc
403 3446 418 3498 f
432 3447 561 3516 correcta)
579 3452 642 3502 aare
660 3461 710 3499 nos
730 3447 794 3501 add.
809 3445 843 3500 N
856 3461 971 3500 noscere
984 3453 1048 3501 arete
1059 3462 1112 3498 nos

99 3520 166 3639 pact.
191 3491 224 3643 {⁷
242 3520 247 3590 Ι
271 3536 321 3573 nos
349 3517 466 3573 fecimus
493 3519 601 3575 seclusit
625 3517 746 3574 lahaim
764 3520 838 3589 qut
865 3515 1040 3585 cupuditate
1063 3516 1137 3576 uma

113 3589 177 3657 ecit)
