2436 3826
389 139 590 191 PRAEFATIO
609 141 779 192 EDITORIS
975 139 1092 193 XXXIX

76 307 173 384 igitur
203 303 303 363 animo
335 303 407 364 licet
439 305 572 365 librum
605 307 843 384 archetypum
872 300 932 387 (X)
961 308 1087 384 propius

77 396 115 456 ad
137 393 165 452 A
189 412 280 470 quam
303 393 340 452 ad
360 392 382 452 O
404 394 594 454 accedentem
617 395 649 453 in
672 397 746 456 duos
769 396 862 455 libros
885 395 1017 457 divisum
1039 415 1088 456 ca·

75 485 176 563 pitum
197 482 443 559 inscriptionibus
466 483 594 543 fortasse
613 484 674 543 iam
688 485 882 545 instructum.
907 485 943 544 de
963 487 1086 545 externo

76 574 141 634 eius
164 571 271 631 habitu
298 572 348 630 vix
375 573 450 630 certi
473 572 634 650 quicquam
657 573 807 633 affirmare
830 574 909 633 licet.
955 593 1026 633 nam
1049 593 1087 633 ne

75 673 171 741 genus
203 661 326 737 quidem
357 661 524 737 scripturae
557 661 645 738 quale
678 663 771 721 fuerit
806 663 926 722 omnino
959 666 1086 739 constat,

75 771 144 811 cum
171 749 232 808 alia
258 750 366 808 menda
395 769 430 809 ex
457 751 680 827 permutatione
707 752 881 812 litterarum
909 752 1088 829 capitalium

76 839 140 917 OG,
162 838 229 915 BP,
252 837 306 913 ΙΤ,
329 839 383 896 FT
408 841 475 898 6116
497 858 561 898 6666
583 833 787 921 7116661611),
821 840 882 899 6116
904 845 940 900 111
961 844 1088 915 imperia

73 948 128 1006 pro
145 930 270 988 1616116-
288 921 330 1004 (p.
341 929 393 1005 47,
405 923 453 1006 9),
475 930 635 1002 uariasque
652 949 707 1005 pro
729 932 881 1003 6171166666
899 922 942 1011 (p.
954 933 1004 1008 89,
1022 923 1087 1011 13),

72 1021 179 1079 1166166
201 1035 255 1093 pro
277 1018 383 1075 1161676
406 1007 448 1098 (p.
470 1019 546 1092 108,
567 1009 618 1100 8),
642 1019 791 1078 accitana
814 1038 868 1094 pro
888 1013 1088 1094 9161611666

75 1102 116 1186 (p.
139 1108 211 1182 114,
240 1098 286 1185 1),
318 1106 406 1164 dccco
437 1126 492 1181 pro
525 1108 618 1166 616666
650 1098 693 1188 (p.
716 1110 787 1186 124,
809 1102 852 1189 7),
879 1110 999 1182 perdita
1030 1129 1086 1185 pro

69 1197 190 1271 prodita
214 1188 255 1270 (p.
277 1187 427 1272 175,17)
451 1196 502 1255 rix
524 1195 646 1254 aliunde
670 1216 761 1273 quam
785 1216 821 1256 61
844 1197 994 1274 scriptura
1018 1217 1087 1258 cur-

74 1285 140 1345 6176
161 1286 285 1344 76111616
308 1283 539 1359 explicationem
561 1285 701 1345 habeant.
740 1286 809 1346 iude
833 1290 936 1345 autem
959 1287 1038 1364 quod
1057 1287 1088 1346 N

72 1375 105 1433 in
136 1373 271 1450 capitum
303 1372 549 1449 inscriptionibus
582 1374 694 1433 alicubi
727 1377 833 1434 notum
864 1375 943 1434 illud
971 1395 1006 1434 ex
1033 1394 1087 1451 pa·

72 1461 236 1539 limpsestis
267 1459 476 1521 Ambrosianis
508 1462 536 1520 K
566 1482 620 1538 pro
652 1463 683 1521 H
715 1465 848 1525 66176711
880 1457 923 1545 (p.
949 1467 1000 1542 64,
1028 1467 1084 1541 103

74 1555 125 1630 76,
146 1555 178 1628 6,
204 1552 329 1626 77,13,
354 1552 404 1628 64,
426 1554 456 1627 1,
483 1552 556 1626 111,
577 1553 631 1627 16,
659 1544 747 1632 arici)
778 1553 808 1610 16
830 1573 926 1611 unum
948 1552 1089 1629 sequitur

71 1643 109 1701 ut
130 1641 275 1699 lemmata
297 1639 329 1696 in
353 1657 388 1698 eo
413 1638 514 1698 codice
538 1658 574 1697 ex
598 1658 656 1716 quo
676 1640 835 1716 Nupendet
857 1641 912 1699 illa
935 1641 1087 1718 scriptura

71 1731 197 1789 6161616
224 1719 379 1807 fuerint²).
431 1730 536 1787 6611116
564 1728 765 1787 certissimum
794 1732 841 1788 est
868 1732 899 1788 et
925 1731 1086 1805 permultis

71 1818 216 1894 exemplis
235 1816 272 1875 ab
291 1816 395 1875 Iahnio
412 1809 519 1893 (praef.
534 1837 562 1892 p.
576 1808 699 1896 Xqu.)
718 1818 880 1893 probatum
898 1818 959 1877 iam
978 1819 1005 1876 X
1023 1839 1083 1880 76-
1098 1849 1177 1890 mi„
1194 1849 1207 1890 1«

70 1909 209 1966 riarum
232 1905 433 1965 lectionum
455 1908 491 1964 et
514 1906 802 1982 explicationum
824 1899 904 1966 nube¹
927 1901 1207 2005 oppletumfi‘fflffg

69 1997 173 2056 fuisse.
220 2013 403 2071 quamquam
433 1995 513 2052 enim
538 1995 669 2053 Beckius
698 1997 845 2072 quaedam
878 1998 1014 2074 exempla
1046 1999 1084 2063 ab
1118 2011 1207 2072 scripse

69 2084 176 2144 Iahnio
191 2084 286 2143 allata
303 2084 334 2142 in
356 2083 576 2143 dubitationem
590 2084 711 2145 7666711
725 2080 910 2164 (observat'
929 2106 958 2162 p.
970 2089 1009 2147 15
1018 2080 1086 2168 sq.),

69 2176 172 2234 tamen
200 2173 292 2233 etiam
324 2172 349 2231 61
377 2172 413 2231 de
448 2173 584 2232 omnibus
612 2176 695 2233 recto
723 2173 835 2234 iudicio
863 2193 936 2234 usus
964 2168 1086 2255 esset³),

142 2380 168 2447 1)
190 2376 267 2431 Beck
291 2376 454 2430 ‘observat'
479 2377 598 2447 append.
622 2378 656 2431 Π.
700 2393 786 2432 6616
809 2379 885 2446 quod
908 2381 920 2433 i
941 2379 1085 2434 interdum

69 2450 100 2504 in
123 2452 133 2504 1
155 2448 201 2503 761
224 2450 234 2502 1
256 2446 320 2501 ini
343 2450 459 2529 (p.12b,
480 2453 526 2515 16,
554 2454 613 2516 171,
629 2452 655 2518 6)
677 2451 789 2503 mutata
812 2453 855 2504 661
873 2467 930 2504 non
947 2452 1086 2520 probatur

70 2521 254 2590 archetypum
272 2517 375 2573 litteus
399 2518 569 2587 capitalibus
593 2519 729 2588 scriptum
751 2519 851 2589 fuisse,
881 2520 956 2575 inter
978 2540 1048 2590 quas
1071 2523 1084 2576 i

68 2592 155 2662 longa
174 2592 339 2646 occurreret.
375 2607 442 2643 nam
459 2589 543 2642 huius
562 2589 675 2645 litterae
693 2591 784 2645 forma
803 2591 954 2646 altitudine
974 2596 1082 2648 ceteras

68 2663 206 2719 excedens
221 2677 309 2730 usquc
324 2661 361 2715 ad
375 2659 519 2715 saeculum
533 2661 712 2715 undecimum
726 2661 757 2715 in
770 2662 914 2716 codicibus
929 2663 1080 2718 invenitur.

141 2736 168 2802 2)
187 2731 317 2786 similiter
340 2748 374 2786 ex
396 2730 476 2786 76116
494 2731 615 2786 16611666
633 2732 700 2786 libri
718 2731 745 2785 N
764 2733 801 2786 ad
819 2752 845 2802 p.
862 2739 921 2803 172,
937 2739 952 2787 9
968 2734 1002 2788 'in
1021 2735 1082 2789 eius

67 2805 221 2875 archetypo
248 2803 390 2858 interdum
418 2802 543 2872 capitum
570 2802 661 2872 prima
685 2805 773 2858 verba
796 2803 898 2859 litteris
921 2804 1082 2860 initialibus

68 2876 176 2946 scripta
198 2874 285 2929 fuisse
307 2873 491 2944 intellegitur.
533 2874 633 2928 eadem
655 2877 699 2929 661
721 2892 807 2930 causa
830 2877 906 2944 quod
928 2895 954 2945 p.
971 2882 1031 2945 153,
1047 2883 1080 2931 17

67 2949 156 3004 verba
174 2947 231 3002 Hic
251 2977 283 2985 -
303 2948 409 3016 reliquo
426 2945 456 2998 in
474 2945 496 2998 L
515 2944 725 3000 interciderunt.
1078 2988 1081 2999 .

140 3021 167 3088 3)
190 3017 215 3071 61
238 3017 328 3071 611616
354 3016 493 3086 scriptura
520 3016 551 3070 in
573 3016 731 3071 Nazarianc
754 3017 957 3072 recentioribus
981 3021 1010 3073 61
1034 3020 1082 3073 de-

66 3089 218 3146 tericribus
245 3087 371 3142 familiae
395 3088 415 3142 O
443 3087 523 3142 libris
550 3088 641 3156 deest,
669 3088 735 3142 hinc
757 3087 829 3141 nihil
852 3089 931 3143 aliud
954 3089 1083 3158 sequitur

65 3162 123 3217 nisi
145 3163 179 3215 ut
202 3177 219 3214 a
241 3159 364 3213 librariis
387 3159 496 3213 variam
518 3159 669 3214 lectionem
692 3159 911 3229 agnoscentibus
930 3163 960 3215 61
977 3160 1082 3231 impro-

65 3233 203 3289 bantibus
227 3230 330 3285 omissa
354 3230 399 3285 sit.
436 3247 518 3299 porro
542 3231 577 3285 de
603 3230 666 3285 aliis
685 3229 755 3284 locis
773 3231 851 3284 haud
870 3231 955 3286 dubie
974 3233 1080 3288 erravit

65 3305 146 3360 velut
163 3322 190 3374 p.
206 3308 249 3371 43,
265 3307 311 3369 18,
334 3301 383 3356 ubi
401 3302 488 3356 76116
507 3319 524 3355 6
542 3301 647 3356 Beckio
666 3301 707 3355 616
725 3302 892 3358 constituta:
912 3322 982 3373 prae
1000 3311 1084 3359 16616.

65 3378 150 3432 baias
172 3375 288 3430 61616116
311 3375 365 3429 1666
386 3375 470 3428 buius
488 3375 589 3442 proelii
611 3375 745 3429 6161611616
766 3375 825 3444 suit
847 3375 919 3429 61161
949 3375 1106 3448 coiectura

65 3450 231 3516 trterceptcs
254 3447 368 3514 praeter
392 3443 546 3502 molestam
571 3446 658 3504 uerbi
682 3449 774 3505 116166
804 3444 1027 3517 repetitionem
1048 3439 1127 3509 meo

60 3517 130 3572 feffl'
144 3518 295 3587 nequeunt,
316 3517 393 3587 quod
410 3520 499 3579 116166
516 3524 627 3595 proelii
643 3539 748 3596 necue
768 3521 813 3578 ad
829 3532 976 3592 pugnam
992 3503 1150 3578 auum·
