2436 3826
398 196 498 264 11,·1o.
519 202 552 252 ro
572 199 645 268 (rm,
664 205 688 255 s.
709 203 744 270 o).
1012 200 1075 264 163

69 364 194 444 perditis
219 365 298 423 enim
316 363 405 424 rebus
426 365 557 443 profugit
574 364 731 445 Asiamque
750 365 823 426 velis
842 368 917 445 petit
934 373 1077 426 venturus
1098 378 1114 426 8

69 453 112 513 ibi
143 455 175 512 iu
206 470 310 512 manus
337 452 467 513 hostium
495 460 525 514 et
552 460 670 514 catenas
698 462 739 536 et,
772 454 850 534 quod
877 457 1079 515 miserrimum

71 550 117 602 est
144 540 269 601 fortibus
296 543 382 622 viris,
415 542 450 601 ad
479 542 607 602 hostIum
636 543 791 604 arbitrium
820 543 874 603 sub
901 562 1077 622 percussore

71 633 240 691 moriturus.
304 648 364 690 non
405 630 458 690 alia
500 639 567 710 post
602 631 721 692 Xerxen
762 632 958 692 miserabilior
1001 632 1114 710 fugae

44 722 179 799 tquippe
212 719 299 779 modo
326 726 527 780 trecentarum
555 723 767 799 quinquaginta
794 723 912 781 navium
940 721 1077 781 dominus

71 827 137 869 cum
166 827 217 868 sex
246 815 394 886 septemve
423 808 553 886 fugiebat
580 811 710 869 extincto
737 811 903 888 praetoriae
927 813 1009 871 navis
1033 810 1078 869 lu·

70 900 164 978 mine,
192 895 288 956 anulis
315 899 347 956 in
373 915 454 957 mare
483 897 619 979 abiectis,
649 917 758 976 pavens
786 906 872 977 atque
897 906 1077 979 respectans,

72 994 101 1047 et
124 994 222 1046 tamen
245 1003 305 1044 non
327 987 436 1046 timens
458 989 518 1046 nisi
540 1005 577 1047 ne
600 989 721 1067 periret.

158 1251 269 1311 XVIIII.
301 1251 449 1311 BELLVM
472 1252 685 1313 PARTHICVM
709 1252 775 1313 SVB
798 1252 983 1313 VENTIDIO.

32 1405 58 1444 1⁰
138 1393 276 1464 Quamvis
295 1395 326 1452 in
345 1393 445 1454 Cassio
465 1401 494 1453 et
511 1393 602 1455 Bruto
621 1402 721 1473 partes
740 1395 917 1475 sustulisset,
940 1397 971 1453 in
990 1393 1182 1477 Pom-1111,9

71 1485 138 1562 peio
161 1488 256 1542 totum
278 1483 407 1559 partium
429 1500 538 1542 nomen
561 1482 745 1564 abolevisset,
767 1483 898 1543 nondum
920 1490 1019 1542 tamen
1037 1483 1073 1543 ad

71 1574 154 1651 pacis
173 1570 362 1630 stabilitatem
378 1571 544 1649 proiecerat
563 1571 678 1651 Caesar,
697 1591 765 1632 cum
784 1571 922 1649 scopulus
937 1579 966 1630 et
980 1571 1074 1631 nodus

73 1668 103 1720 et
125 1678 207 1719 mora
229 1659 363 1738 publicae
388 1660 555 1719 securitatis
575 1667 744 1738 superesset
762 1661 913 1720 Antonius.
951 1678 1007 1719 nec
1024 1659 1110 1720 illes

73 1750 166 1810 defuit
193 1750 273 1807 vitiis
301 1750 373 1827 quin
399 1750 525 1828 periret,
555 1750 645 1808 immo
673 1751 770 1808 omnia
798 1756 937 1827 expertus
964 1748 1076 1808 ambitu

34 1846 59 1886 1⁶
74 1847 103 1899 et
133 1838 249 1898 luxuria
280 1839 410 1915 primum
437 1837 550 1916 hostes,
582 1836 688 1898 deinde
716 1839 809 1917 cives,
840 1837 960 1897 tandem
987 1832 1085 1897 etiam

75 1926 224 1986 saeculum
246 1933 361 1985 terrore
384 1925 526 1985 liberavit.
877 2004 881 2010 ι

73 2035 76 2044 ·
140 2014 241 2074 Parthi
264 2013 345 2073 clade
364 2013 518 2074 Crassiana
541 2013 629 2075 altius
651 2017 764 2075 animos
788 2021 943 2075 erexerant
961 2014 1075 2074 civiles·
1095 2029 1112 2076 3

75 2122 131 2183 que
154 2101 256 2182 populi
279 2101 402 2162 Romani
425 2103 587 2162 discordias
610 2102 680 2163 laeti
702 2109 884 2182 acceperant.
921 2105 1020 2182 itaque
1043 2111 1077 2163 ut

74 2194 169 2270 prima
192 2190 311 2251 adfulsit
329 2193 453 2272 occasio,
472 2209 531 2252 non
550 2190 758 2252 dubitaverunt
777 2199 806 2252 et
824 2210 980 2271 erumpere
998 2192 1076 2252 ultro

36 2291 62 2330 2⁰
76 2280 194 2359 quidem
213 2281 353 2339 invitante
368 2279 506 2359 Labieno,
526 2283 575 2358 qui
595 2283 704 2341 missus
723 2300 739 2341 a
754 2279 854 2341 Cassio
868 2280 1018 2359 Brutoque
1034 2315 1075 2322 -
1096 2294 1113 2342 4

77 2372 127 2447 qui
154 2369 236 2429 luror
264 2367 408 2429 scelerum
437 2403 478 2410 —
508 2368 714 2430 sollicitaverat
740 2370 841 2429 hostes
868 2372 899 2429 in
927 2370 1076 2430 auxilium.

79 2576 100 2606 s
147 2580 161 2627 1
184 2574 352 2644 perdidisset
373 2576 405 2627 iot
424 2573 544 2653 perdibis
568 2576 597 2627 et
617 2577 733 2629 mutavit
751 2574 785 2628 N
787 2574 797 2604 ²
817 2578 822 2640 1
846 2575 940 2643 progit
962 2578 991 2643 (g
1009 2576 1041 2628 ia
1059 2574 1078 2628 d
1110 2633 1114 2642 ,

75 2648 190 2701 mutavit
208 2663 241 2699 m.
262 2647 288 2714 1)
308 2646 338 2696 N
361 2644 365 2716 Ι
391 2660 535 2713 as1amque
558 2646 599 2713 (as
621 2647 654 2698 ia
675 2648 785 2714 rasura)
804 2645 832 2698 Β
856 2651 861 2712 1
885 2643 1077 2713 ualitates

75 2719 193 2772 correxit
210 2734 243 2770 m.
261 2718 286 2784 1)
304 2717 332 2768 Β
348 2718 352 2782 1
368 2716 469 2768 uentus
483 2716 510 2768 B
524 2717 563 2783 112
582 2714 712 2768 manibus
725 2716 753 2769 Β
769 2721 773 2778 1
790 2714 922 2768 sathanas
936 2716 963 2769 L
977 2717 1015 2784 113
1035 2718 1079 2768 est

75 2805 125 2842 om.
140 2787 167 2839 L
187 2788 191 2854 1
208 2792 271 2855 post
287 2784 356 2838 uiris
374 2786 454 2840 cerba
473 2784 515 2838 ibi
532 2785 661 2839 1111111111
677 2817 710 2826 -
724 2784 844 2838 fortibus
862 2784 930 2839 uiris
949 2788 1009 2854 (om.
1025 2786 1078 2855 est)
1112 2827 1115 2832 .

75 2859 170 2927 repetit
183 2857 210 2909 L
226 2861 229 2925 1
246 2872 457 2926 suppercussore
471 2858 499 2911 Β
514 2857 565 2909 sub
578 2855 787 2926 percussoribus
801 2856 828 2909 L
841 2858 850 2925 11
864 2861 880 2909 4
895 2855 1001 2910 Guaius
1015 2864 1079 2911 autc

75 2945 131 2982 non
154 2929 217 2982 add.
236 2927 263 2979 L
287 2931 291 2996 1
315 2943 414 2980 xersen
431 2928 458 2981 Β
480 2943 583 2981 xerxen
601 2930 624 2997 (s
643 2946 729 2997 supro
743 2930 917 2997 posteriorem
934 2930 962 2997 x)
981 2927 1007 2980 L
1030 2929 1039 2997 11
1061 2933 1078 2980 6

75 2997 239 3071 portitoriae
257 2998 285 3051 Β
302 2997 443 3067 praetorio
463 2999 486 3052 0
503 3002 508 3067 1
527 2997 610 3052 nauis
629 3017 678 3054 om.
698 2999 751 3123 Li}
771 3006 785 3052 't
804 3000 923 3064 recitans
944 3000 969 3051 Β
987 3004 996 3066 11
1015 3003 1031 3051 8
1051 3000 1080 3051 et

76 3071 133 3124 iam
155 3086 211 3123 non
229 3069 412 3123 Baclvreasius
436 3072 440 3138 1
464 3068 520 3123 nisi
542 3087 592 3124 om.
615 3070 638 3124 Ο
656 3072 665 3139 11
688 3074 704 3123 9
748 3069 825 3124 VIIII
844 3101 877 3108 -
896 3068 1030 3134 Quamuis
1048 3069 1079 3122 in

77 3158 124 3197 cas
142 3144 174 3195 aa
195 3157 297 3195 restore
313 3141 355 3194 Β1
371 3139 375 3211 1
391 3155 567 3196 1111111011
577 3171 600 3209 ·,·
617 3141 651 3195 N
664 3155 819 3195 PARTIOVM
838 3141 865 3194 L
882 3142 891 3211 11
911 3146 943 3193 10
961 3140 1079 3210 impom-

77 3213 140 3283 peio
159 3213 187 3266 Β
208 3212 218 3280 11
242 3218 271 3264 11
296 3209 438 3280 parotium
456 3207 483 3264 L
503 3215 507 3280 1
528 3210 669 3266 abolesset
690 3212 713 3266 0
731 3213 741 3282 11
764 3217 796 3264 12
817 3210 945 3280 scopolus
963 3212 992 3264 B
1013 3214 1023 3280 11
1047 3217 1079 3265 13

79 3281 238 3338 securitatis
256 3281 292 3352 (ri
305 3299 391 3351 sopra
404 3300 509 3337 uersum
522 3301 555 3338 m.
572 3286 598 3352 1)
614 3283 647 3336 Ν
656 3285 665 3352 11
680 3289 713 3336 14
728 3280 850 3336 ambitus
864 3283 892 3336 Β
905 3284 914 3351 11
929 3287 962 3335 16
976 3283 1080 3335 terrore

79 3354 220 3408 saeculum
238 3355 266 3408 Β
287 3355 367 3406 terrae
391 3353 533 3407 saeculum
553 3354 584 3408 0:
609 3371 676 3408 corr.
698 3355 828 3409 Halmius
849 3354 954 3406 terram
974 3355 1003 3406 et
1020 3369 1081 3407 sae-

78 3425 172 3479 culum
197 3426 340 3494 Hauptius
365 3427 369 3493 1
392 3424 497 3479 libauit
519 3426 544 3477 L
566 3427 575 3494 11
600 3431 632 3478 17
656 3423 797 3479 classiana
819 3425 847 3478 Β
869 3426 878 3493 11
902 3429 935 3477 18
961 3423 1080 3492 populus

79 3513 209 3550 romanus
228 3498 256 3551 Β
280 3498 285 3563 1
309 3495 369 3565 regi
391 3503 455 3550 uate
473 3496 570 3566 itaque
589 3497 654 3551 odd.
673 3496 698 3549 Β
723 3498 735 3566 1
751 3497 789 3548 ut
806 3512 898 3562 surpra
913 3509 1027 3546 cessum
1039 3490 1116 3549 En

81 3574 113 3622 19
133 3566 236 3620 effulsit
248 3567 276 3620 L
288 3570 296 3638 1
312 3568 340 3621 et
358 3568 409 3624 del,
423 3586 466 3642 op.
481 3570 492 3641 11
509 3576 545 3625 20
557 3567 699 3640 brtitiquc
712 3569 741 3624 B
755 3569 829 3637 111
847 3561 1003 3677 quatiere*
1016 3556 1049 3604 Y>

861 3657 903 3705 Ἀ
