2436 3826
143 186 210 250 258

145 345 623 416 Seres,Asiaepopulus,Augusto
677 345 707 399 P.
732 345 903 399 Servilius
926 345 1037 400 Vatia
1067 348 1175 402 Isau-

161 433 277 471 munera
294 417 413 470 mittunt
432 421 540 485 181,15

144 489 256 542 serica
269 488 392 543 tentoria
400 488 533 540 Antiochi
544 493 586 554 66,
597 495 622 542 1.

161 559 295 613 Parthica
309 559 390 628 signa
405 558 500 612 sericis
510 558 622 612 vexillis

160 630 304 685 vibrantia
324 635 414 698 112,1

143 700 621 772 serpentiuminmodumdisco-

159 773 266 827 loribus
288 773 368 826 vittis
392 775 518 825 armatae
539 770 622 825 Fide-

158 851 291 914 116622,1.
306 860 420 914 serpens
430 843 458 898 in
466 842 622 897 vindictam

159 915 271 969 Africae
289 916 358 968 nata
377 920 476 982 45,10.
510 930 620 983 serpen-

159 988 202 1039 tes
226 985 375 1054 Cleopatra
401 985 546 1039 advenas
570 985 620 1038 ad-

158 1059 384 1123 1116161163,1.
423 1055 620 1110 661116111-

157 1126 276 1196 ptolemi
295 1143 406 1180 currum
422 1126 508 1180 Terra
526 1127 620 1197 iungit

160 1203 219 1265 166,
236 1204 276 1252 m.
297 1204 331 1251 14

141 1269 377 1324 Sertorianum
411 1269 519 1323 bellum
551 1269 619 1336 quid

158 1340 278 1410 amplius
302 1358 387 1409 quam
406 1340 538 1408 Syllanae
556 1357 619 1409 pro-

157 1411 319 1481 scriptionis
334 1412 494 1466 hereditas?
514 1415 600 1480 1348

139 1482 170 1547 0.
200 1483 373 1538 Sertorius
406 1483 485 1552 Sylla
511 1482 618 1535 Marius

156 1554 317 1608 Mithridati
339 1555 446 1607 nudum
468 1553 544 1606 latus
567 1553 619 1606 im-

155 1625 216 1696 peri
226 1625 414 1680 ostendebant
424 1630 466 1693 98,
477 1630 501 1678 4.
520 1625 619 1678 urbem

157 1714 220 1749 cum
248 1696 337 1750 Cinna
369 1696 459 1750 Mario
492 1694 618 1749 Carbone

156 1768 245 1821 intrat
274 1774 337 1836 131,
363 1773 404 1821 13.
443 1766 506 1820 exul
534 1767 617 1819 malis

155 1839 212 1892 suis
249 1839 339 1892 maria
375 1841 519 1904 terrasque
555 1854 617 1906 per-

156 1910 270 1963 miscuit
290 1916 411 1978 134,11.
448 1909 617 1978 Hispaniam

155 1981 399 2050 armavit134,15.
431 1980 617 2034 Mithridaten

156 2053 246 2106 616666
261 2052 334 2105 iuvit
349 2057 458 2119 134,18.
484 2051 616 2105 Metellus

155 2126 184 2177 et
202 2124 351 2193 Pompeius
373 2122 432 2176 61116
452 2123 547 2191 copias
567 2123 615 2175 ad·

154 2194 257 2247 trivere
272 2199 332 2261 134,
343 2199 384 2248 21.
405 2211 552 2261 oppressus
567 2193 615 2246 do-

152 2263 272 2316 mestica
289 2262 388 2316 fraude
409 2268 518 2330 135,10

137 2333 169 2399 0.
190 2333 359 2387 Servilius
378 2333 501 2401 Ahala,
525 2333 614 2404 magi-

155 2408 211 2458 ster
245 2404 388 2474 equitum,
426 2402 553 2458 Cassium
584 2405 614 2457 in

153 2475 246 2529 medio
265 2475 325 2529 foro
345 2474 471 2528 confodit
489 2481 562 2544 41,2

136 2547 167 2612 0.
193 2547 362 2601 Servilius
393 2546 517 2616 Caepio
545 2550 610 2616 (cos.

155 2622 216 2689 106)
227 2619 364 2689 impetum
378 2618 552 2673 Cimbrorum
568 2637 612 2672 su-

154 2691 257 2745 stinere
275 2708 332 2745 non
350 2690 444 2760 potuit
462 2697 504 2761 90,
520 2696 553 2743 16

134 2762 263 2816 Servili
298 2762 435 2831 praetoris
470 2752 563 2817 6616116
595 2779 612 2815 6

153 2833 239 2887 661116
259 2836 343 2902 capta
362 2839 422 2901 126,
438 2839 461 2887 9.
482 2839 515 2886 17
555 2829 566 2843 “

134 2902 354 2968 6661111116
374 2903 498 2973 Caepio
518 2920 611 2957 aemu-

150 2975 194 3027 lus
212 2975 287 3030 Livii
304 2975 515 3044 111116112112.
549 2991 611 3028 1666

150 3046 273 3099 ambitus
299 3046 433 3100 Scaurum
456 3048 485 3100 et
504 3046 611 3115 Philip-

149 3136 218 3188 pum
236 3116 323 3186 elegit
342 3123 458 3186 121,16.
487 3117 547 3170 eius
566 3134 611 3170 co-

149 3189 214 3258 piae
225 3188 324 3243 sociali
332 3188 407 3244 bollo
418 3205 516 3242 caesae
525 3194 584 3255 124,
593 3193 609 3241 3

132 3259 609 3329 CaepioAsiaticumfretumbello

148 3330 267 3401 piratico
287 3331 398 3385 obsedit
416 3336 476 3398 102,
491 3336 525 3384 20

131 3402 159 3456 C.
171 3402 356 3457 Servilium
370 3401 551 3457 Glauciam
565 3419 609 3454 sa-

144 3473 266 3528 tellitem
280 3472 383 3528 suroris
398 3473 442 3528 sui
456 3473 524 3528 fecit
533 3474 608 3544 Apu-

127 3542 208 3600 leius
226 3552 289 3618 120,
307 3552 342 3603 11

593 189 707 241 INDEX

695 416 785 468 ricus
805 415 905 471 Cilices
929 433 987 470 non
1011 417 1175 475 incruenta

694 487 814 540 victoria
859 490 974 557 superat
1021 495 1095 559 101,
1129 500 1171 547 17.

693 558 804 612 16611166
823 559 925 613 6161111
944 565 1005 628 101,
1021 566 1057 613 21

676 629 814 683 Servius
837 629 973 683 Tullius
1000 634 1073 700 post
1099 633 1170 687 Tar-

693 700 821 767 quinium
829 700 955 754 Priscum
963 702 1173 770 gubernacula

692 771 770 824 urbis
789 771 900 825 invadit
914 777 1010 840 12,17.
1039 790 1170 845 regnum

694 842 758 896 dolo
776 846 889 912 partum
907 842 947 896 sic
966 843 1028 912 egit
1046 848 1086 898 ut
1106 847 1170 901 iure

693 914 812 982 adeptus
830 912 1073 982 videretur13,1.
1107 919 1168 971 eius

693 985 819 1038 sollertia
835 984 966 1038 ordinata
980 1002 1025 1039 res
1040 988 1168 1056 publica

693 1061 734 1123 13,
749 1061 774 1109 4.
809 1055 840 1108 in
859 1072 922 1109 eum
939 1071 1129 1125 percussores
1148 1078 1168 1114 6

691 1126 844 1194 Tarquinio
881 1127 1008 1196 Superbo
1047 1129 1165 1184 inmissi

692 1204 791 1266 1312.
823 1214 907 1267 supra
926 1214 990 1251 eum
1009 1204 1166 1255 cruentum

690 1268 750 1323 filia
778 1269 872 1322 Tullia
904 1272 986 1323 16616
1019 1277 1166 1342 carpento

691 1346 787 1409 13,15.
811 1339 905 1394 effecit
922 1342 955 1393 ut
967 1340 1031 1410 ipsa
1048 1360 1082 1398 se
1097 1362 1162 1398 nos-

690 1414 734 1466 set
745 1412 873 1465 Romana
891 1427 935 1465 res
951 1411 1073 1480 publica
1091 1421 1134 1483 16,
1147 1421 1164 1469 8

673 1481 859 1550 Sibyllinis
882 1482 1044 1536 versibus
1071 1486 1168 1540 desti-

690 1556 789 1606 natum
807 1552 934 1607 familiae
952 1570 1020 1607 suae
1036 1571 1164 1626 regnum

692 1625 746 1678 sibi
760 1624 934 1678 vaticinatur
946 1624 1088 1681 Lentulus
1100 1634 1164 1696 137,

672 1766 702 1818 in
730 1765 888 1820 Siciliam
919 1766 1059 1821 Tarentos
1094 1771 1163 1826 vela

690 1837 915 1905 111161111132,4.
953 1836 979 1891 S.
1004 1840 1096 1894 armis
1120 1843 1161 1894 ad

689 1909 879 1963 continentem
897 1925 976 1961 suam
992 1913 1162 1966 revocanda

687 1981 764 2034 bello
790 1979 941 2033 ridebatur
966 1981 1076 2049 populo
1100 1984 1160 2037 Ro-

687 2067 771 2105 mano
804 2055 853 2115 42,
878 2055 901 2104 6.
944 2050 1095 2107 foederata
1128 2055 1158 2109 ei

689 2122 789 2176 civitas
819 2121 951 2174 Messana
978 2127 1027 2190 42,
1054 2129 1081 2179 9.
1124 2130 1160 2179 ut

687 2195 829 2247 Romanus
844 2192 885 2245 ita
897 2193 1007 2246 Poenus
1021 2209 1090 2248 eam
1104 2198 1157 2250 ad-

687 2265 932 2332 166161614211.
969 2263 998 2318 L.
1019 2263 1158 2322 Cornelio

688 2335 817 2404 Scipione
828 2335 940 2389 consule
950 2335 976 2390 S.
986 2335 1158 2392 suburbana

687 2409 748 2461 erat
778 2405 924 2474 provincia
955 2411 1002 2474 44,
1027 2411 1072 2461 10.
1117 2410 1156 2464 cf.

687 2483 751 2546 126,
769 2482 791 2529 7.
828 2476 943 2531 Metello
970 2479 1087 2532 consule
1109 2497 1157 2535 re—

685 2565 797 2603 versum
818 2547 849 2600 in
872 2548 898 2602 S.
917 2547 1024 2601 bellum
1043 2555 1154 2619 46,17.

685 2623 755 2690 aput
773 2618 880 2671 insulas
897 2620 1021 2688 Aegatas
1041 2620 1154 2676 lacera-

684 2694 732 2745 tae
750 2691 906 2744 Poenorum
928 2694 1003 2744 rates
1025 2692 1154 2763 pelagus

683 2762 758 2816 111161
785 2762 811 2815 S.
834 2761 1050 2830 Sardiniamque
1078 2780 1152 2817 nau-

684 2833 727 2887 fra
751 2833 775 2886 'o
800 2849 850 2885 suo
874 2835 1044 2901 operuerunt
1063 2840 1107 2903 48,
1126 2841 1151 2891 7.

683 2905 719 2958 be
745 2904 750 2914 '
769 2903 868 2955 Punici
886 2904 1002 2957 secundi
1020 2906 1164 2975 tempore*

684 2974 804 3045 populus
823 2975 965 3028 Romanus
986 2975 1016 3027 in
1036 2977 1063 3030 S.
1085 2977 1151 3031 Sar·

683 3046 791 3099 diniam
805 3045 971 3115 Hispaniam
985 3063 1066 3100 arma
1082 3047 1152 3102 mit-

683 3117 764 3170 tebat
778 3121 820 3184 67,
831 3121 855 3172 8.
880 3117 906 3172 S.
920 3116 1058 3171 mandata
1072 3118 1151 3172 Mar-

683 3188 753 3242 cello
769 3192 864 3256 67,Ιο
892 3188 951 3241 eius
966 3191 1053 3258 caput
1063 3190 1150 3258 Syra-

682 3275 765 3313 cusae
777 3264 818 3327 67,
830 3265 871 3314 12.
891 3259 951 3313 eius
967 3259 1059 3328 spolia
1073 3260 1150 3315 clas-

682 3331 720 3383 sis
739 3331 866 3384 Romana
886 3331 1065 3400 praeferebat
1082 3335 1151 3387 tota

682 3401 800 3455 Graecia
824 3407 872 3469 62,
891 3408 932 3456 22.
970 3401 1030 3455 eius
1058 3402 1150 3458 litora

681 3472 774 3527 subito
789 3473 912 3526 adventu
923 3472 1022 3526 Cilices
1036 3475 1149 3529 terrue-

685 3547 755 3598 runt
782 3549 853 3610 lua,
875 3550 905 3597 b.
939 3544 1029 3596 satius
1057 3545 1151 3600 fuerit
