2436 3826
136 197 200 261 162
496 196 606 249 mom
623 196 782 247 armona

136 365 268 444 servitia,
302 381 376 442 quos
405 363 492 422 classi
518 363 713 442 praefecerat,
744 361 945 440 praedabundi
971 378 1025 438 per
1053 359 1145 419 litora

100 459 241 514 scuncta
269 450 436 511 volitabant.
488 451 525 511 ob
556 451 628 511 haec
658 457 702 510 tot
728 468 869 529 prospera
897 456 1015 509 centum
1042 447 1145 509 bubus

135 543 245 602 auratis
274 539 377 599 Peloro
408 539 502 600 litavit
529 542 749 619 spirantemque
777 557 886 617 equum
914 556 980 597 cum
1008 554 1080 596 auro
1110 539 1145 596 in

135 631 244 690 fretum
271 631 367 710 misit,
395 628 471 688 dona
493 628 644 709 Neptuno,
670 635 704 688 ut
731 646 762 687 εθ
791 629 881 687 maris
909 633 1007 687 rector
1030 628 1061 684 in
1085 643 1143 685 suo

134 721 210 779 mari
233 736 357 796 regnare
380 723 540 796 pateretur.
580 735 614 777 co
639 716 766 795 denique
790 715 996 776 discriminum
1018 720 1144 773 ventum
1170 722 1184 762 ⁶

137 815 182 868 est
204 814 238 867 ut
260 806 363 866 foedus
384 813 413 866 et
430 824 486 885 pax
506 824 573 866 cum
591 805 675 865 hoste
695 838 737 846 -
757 807 783 864 si
801 804 887 863 modo
906 804 1000 863 hostis
1018 801 1144 880 Pompei

99 909 116 957 4
135 896 213 955 iilius
234 929 275 937 —
294 903 393 955 tamen
414 895 561 954 feriretur.
600 900 741 973 quantum
759 893 799 972 id,
823 893 875 952 sed
892 891 981 952 breve
1000 891 1143 970 gaudium

134 985 198 1064 mit,
222 1002 290 1044 cum
308 986 340 1043 in
358 982 461 1043 Baiani
479 983 575 1042 litoris
594 982 670 1042 mole
690 982 725 1042 de
745 982 843 1041 reditu
862 984 926 1041 eius
946 980 1143 1040 othonorum

134 1074 322 1132 restitutione
356 1074 506 1151 convenit,
542 1090 668 1150 cumque
700 1073 841 1130 invitante
874 1072 939 1149 ipso
971 1072 1003 1129 in
1035 1088 1143 1129 navem

134 1161 315 1222 discubitum
338 1166 392 1241 est,
416 1167 446 1220 et
468 1160 517 1220 ille
541 1168 652 1220 sortem
670 1178 752 1220 suam
772 1161 952 1238 increpitans
972 1154 1038 1218 ‘hae
1059 1153 1184 1218 sunt'10

134 1253 231 1329 inquit
263 1246 398 1309 ‘Carinae
426 1244 533 1309 'meae'.
592 1249 663 1309 haut
691 1251 863 1328 'incomiter‚
896 1248 975 1327 quod
1008 1265 1076 1307 cum
1109 1250 1142 1306 in

135 1338 327 1399 celeberrima
350 1344 433 1417 parte
453 1338 546 1419 urbis,
570 1337 693 1418 Carinis
716 1344 800 1415 pater
819 1339 883 1397 eius
902 1337 1072 1417 habitasset,
1095 1339 1142 1415 ip-

101 1438 116 1487 5
136 1429 199 1487 sius
223 1427 328 1486 domus
352 1433 381 1486 et
404 1434 526 1506 penates
550 1429 582 1487 in
604 1429 671 1486 navi
693 1426 865 1505 penderent.
907 1426 959 1485 sed
977 1422 1000 1503 †
1019 1427 1142 1503 inportu

135 1534 237 1576 manes
255 1514 375 1575 Antonii
398 1522 428 1575 et
446 1515 691 1595 Pompeianorum
713 1515 869 1595 bonorum,
892 1532 1018 1592 quorum
1042 1520 1142 1574 sector

132 1604 181 1665 ille
206 1605 309 1685 luerat,
332 1604 441 1683 praeda
464 1605 601 1665 devorata
623 1606 773 1683 possessio
792 1621 911 1663 manere
931 1621 990 1663 non
1008 1609 1141 1681 poterat:
1156 1609 1182 1649 1⁶

134 1693 298 1754 detrectare
338 1695 435 1772 coepit
471 1694 599 1754 foederis
635 1699 761 1772 pactum.
815 1695 914 1771 itaque
951 1699 981 1752 et
1016 1690 1065 1750 ille
1103 1692 1141 1750 ad

135 1800 214 1841 arma
242 1800 359 1862 rursus,
387 1789 416 1841 et
442 1785 513 1842 totis
540 1783 659 1861 imperii
685 1781 796 1841 viribus
823 1780 924 1841 classis
948 1782 979 1839 in
1002 1782 1141 1840 iuvenem

100 1885 115 1932 6
135 1877 291 1948 conparata
315 1876 370 1950 est,
394 1873 478 1931 cuius
501 1871 613 1930 molitio
637 1873 701 1950 ipsa
720 1870 881 1948 magnilica.
919 1871 1028 1948 quippe
1048 1870 1140 1928 inter-

134 1961 196 2018 ciso
220 1957 401 2018 Herculanae
425 1962 488 2018 viae
514 1958 607 2019 limite
630 1960 811 2037 refossisque
834 1957 970 2018 litoribus
993 1957 1141 2017 Lucrinus

134 2045 215 2107 lacus
243 2052 372 2107 mutatus
399 2049 431 2106 in
458 2055 576 2126 portum
600 2050 687 2126 eique
710 2049 877 2125 interrupto
901 2045 997 2105 medio
1022 2044 1141 2105 additus
1156 2053 1182 2092 ²0

135 2141 180 2194 est
206 2135 353 2214 Avernus,
385 2142 418 2194 ut
445 2138 476 2194 in
504 2135 552 2195 illa
581 2154 723 2214 aquarum
751 2137 850 2213 quiete
878 2133 981 2194 classis
1010 2135 1140 2193 exercita

100 2224 292 2300 timaginem
319 2221 390 2282 belli
418 2223 527 2283 navalis
556 2225 687 2301 agitaret.
732 2229 813 2283 tanta
836 2222 913 2283 mole
935 2222 1005 2282 belli
1027 2224 1140 2301 petitus

134 2313 165 2370 in
194 2309 292 2370 Siculo
325 2310 400 2371 freto
432 2313 547 2371 iuvenis
579 2329 738 2389 oppressus
771 2318 816 2371 est
847 2313 1004 2389 magnique
1032 2311 1141 2371 famam

135 2399 218 2459 ducis
238 2399 272 2458 ad
292 2399 403 2459 inferos
423 2418 523 2460 secum
540 2399 666 2480 tulisset,
685 2403 711 2460 si
725 2399 798 2459 nihil
812 2407 986 2479 temptasset
1000 2399 1140 2480 ulterius3

135 2489 193 2547 nisi
230 2486 308 2566 quod
340 2506 461 2567 magnae
494 2488 601 2549 indolis
634 2491 751 2567 signum
783 2495 828 2549 est
860 2508 979 2567 sperare
1013 2507 1140 2567 semper.
1155 2493 1181 2534 2⁶

206 2719 220 2766 1
240 2712 395 2783 praedendi
412 2714 452 2769 B:
471 2731 539 2769 corr.
555 2714 686 2769 Halmius
706 2716 715 2784 ΙΙ
737 2720 752 2767 2
772 2714 863 2768 bubus
882 2715 1027 2783 (posterior
1044 2712 1063 2765 b
1083 2731 1141 2768 cor·

134 2792 208 2840 recia
226 2802 259 2838 aa
278 2784 306 2853 d)
320 2786 348 2839 Β
361 2787 401 2855 lli
419 2785 472 2839 hoc
490 2785 631 2855 putabant
649 2792 712 2840 aute
725 2787 757 2839 ut
771 2786 834 2840 add.
849 2786 888 2839 B:
908 2786 958 2839 del.
973 2784 1119 2854 Hauptius
1132 2785 1142 2857 ΙΙ

135 2863 150 2910 6
169 2856 294 2926 phoedus
313 2856 341 2909 B
361 2860 365 2926 Ι
385 2856 417 2909 ut
434 2873 490 2925 pax
508 2857 535 2910 Β
552 2858 561 2926 ΙΙ
581 2863 596 2910 8
614 2855 727 2910 redditu
745 2857 773 2910 B
790 2858 799 2926 ΙΙ
819 2860 850 2909 11
870 2854 964 2922 inquit
981 2857 1004 2922 (t
1021 2862 1142 2910 correcta

134 2945 168 2981 aa
193 2927 221 2996 d)
244 2928 272 2981 Β
302 2926 306 2998 Ι
335 2943 414 2980 meae
436 2929 528 2996 (prior
550 2943 565 2981 θ
588 2944 674 2996 supra
694 2930 809 2997 uersum)
833 2927 860 2980 Β
885 2929 889 2995 Ι
914 2928 965 2979 aut
989 2927 1017 2978 B
1041 2930 1045 2996 Ι
1070 2925 1140 2980 inle-

135 2997 288 3052 ccberrima
305 2999 337 3051 iu
355 2996 566 3052 inceleberrima
584 3000 699 3052 mutauit
716 2999 757 3052 B¹
771 3000 780 3067 ΙΙ
799 3002 832 3050 13
851 2997 1055 3067 inportunitate
1074 2999 1141 3052 Iab-

134 3070 199 3123 uius
221 3068 371 3138 inportuna
395 3068 456 3122 auri
478 3068 567 3123 fames
585 3067 713 3135 Antonii3
732 3070 916 3123 Baehreusius
934 3067 1065 3137 inpacto
1083 3085 1141 3123 non

134 3141 264 3193 manente
282 3138 424 3194 Antonio?
442 3142 451 3210 ΙΙ
470 3145 504 3192 14
523 3141 613 3194 sector
631 3141 658 3194 Β
676 3141 798 3194 sectator
815 3141 856 3195 B¹
879 3142 888 3209 Ι
913 3145 944 3193 15
963 3139 1066 3209 praede
1086 3140 1114 3193 Β
1134 3140 1138 3211 Ι

136 3209 279 3263 consensio
298 3211 482 3266 Baalrmsius
501 3212 511 3280 ΙΙ
532 3217 566 3264 16
583 3208 730 3280 phoederis
749 3212 776 3264 B
797 3214 801 3280 Ι
821 3210 900 3265 inille
919 3212 959 3266 B:
978 3212 1098 3278 corusci,
1115 3229 1140 3265 u.

130 3299 159 3350 p.
177 3286 286 3348 174,13
305 3279 377 3335 itum
395 3282 526 3336 Halmius
539 3283 548 3352 ΙΙ
563 3287 595 3335 11
616 3283 645 3335 ei
662 3279 760 3334 intotis
774 3283 813 3337 B:
833 3284 939 3338 corraei
958 3284 987 3334 et
999 3280 1058 3334 iam
1071 3280 1141 3335 iotis

135 3352 266 3406 Halmius
286 3353 295 3422 ΙΙ
317 3357 350 3405 21
375 3369 494 3407 acernus
516 3355 540 3421 (r
557 3369 643 3421 supra
660 3355 773 3421 ausum)
792 3353 820 3406 B
843 3352 847 3425 Ι
872 3352 1003 3406 utiniHae
1022 3368 1142 3421 quarum

135 3423 162 3476 Β
180 3425 189 3492 l
208 3429 241 3475 22
261 3421 383 3492 agitaret
401 3426 429 3493 (a
446 3441 533 3493 supra
551 3439 613 3477 em.
629 3425 658 3492 2)
672 3422 706 3476 Ν
722 3425 727 3492 Ι
746 3422 858 3492 penitus
872 3424 899 3477 L
916 3426 926 3493 Ι
944 3428 977 3476 23
993 3439 1141 3493 opraessus

135 3495 163 3548 B
181 3496 187 3561 Ι
207 3492 313 3547 famam
335 3496 392 3563 (am
410 3512 496 3564 supra
513 3511 618 3549 ausum
635 3511 669 3548 m.
688 3496 716 3563 2)
735 3494 769 3547 N
785 3495 794 3562 ΙΙ
814 3499 848 3547 24
866 3493 938 3548 nihil
955 3493 1069 3548 tulisset
1087 3495 1114 3548 L
1136 3497 1139 3567 Ι

124 3561 247 3617 ultem'us
263 3563 339 3621 nr'bil
355 3564 414 3622 nisi
432 3566 466 3623 N
481 3567 491 3638 ΙΙ
509 3569 544 3622 25
564 3566 690 3637 spumat
708 3565 733 3620 L
