2436 3826
128 181 192 247 186
578 186 688 237 FLORI

127 353 233 429 amice,
261 349 388 428 probum
410 350 489 428 frugi
512 351 660 430 quietum,
687 349 770 410 tarde
794 350 928 432 quidem,
957 358 1003 411 set
1025 351 1139 412 iudicio

126 437 310 518 hospitalem.
350 438 464 499 caelum
486 438 677 517 peculiariter
699 445 895 518 temperatum
919 443 1024 500 miscet
1047 443 1140 523 vices,

127 535 157 589 et
179 535 279 588 notam
302 530 380 588 veris
403 534 483 589 totus
507 546 602 589 annus
620 530 761 588 imitatur.
799 535 878 588 terra
898 529 1004 590 fertilis
1024 533 1138 608 campis

127 624 157 677 et
179 618 273 695 magis
297 616 421 677 collibus
435 651 478 659 —
493 635 562 677 nam
584 616 684 677 ltaliae
703 619 778 677 vites
801 617 918 678 affectat
936 625 966 678 et
984 627 1139 698 comparat.

126 724 209 766 areas
228 739 271 747 —
291 708 422 766 serotino
445 724 505 766 non
528 706 677 766 erubescit
700 712 849 767 autumno.
894 707 992 785 siquid
1015 708 1052 767 ad
1071 727 1138 768 rem
1169 727 1183 767 1

125 797 264 876 pertinet,
282 797 385 855 civitas
404 797 467 873 ipsa
487 796 724 873 generosissimis
743 797 884 875 auspiciis
898 798 1048 877 instituta,
1066 815 1137 856 nam

125 891 244 962 praeter
276 882 410 944 Caesaris
442 883 561 965 vexilla,
594 902 668 962 quae
700 891 811 964 portat,
843 885 1023 966 triumphos
1055 886 1136 946 unde

125 990 234 1032 nomen
257 975 379 1052 accepit,
402 971 486 1033 adest
508 975 597 1033 etiam
615 975 772 1051 peregrina
790 972 937 1033 nobilitas.
976 976 1085 1053 quippe
1111 978 1138 1034 si

125 1069 225 1122 vetera
252 1060 362 1139 templa
388 1063 545 1142 respiciaS,
572 1062 621 1121 hic
649 1061 698 1121 ille
725 1061 832 1122 colitur
855 1065 993 1140 corniger
1015 1064 1136 1144 praedo,

126 1153 177 1230 qui
195 1151 313 1229 Tyriam
337 1151 480 1227 virginem
502 1158 623 1228 portans
646 1149 716 1210 dum
739 1169 793 1228 per
811 1158 872 1211 tota
895 1154 988 1212 maria
1010 1152 1135 1231 lascivit,
1154 1172 1180 1210 ro

124 1240 173 1299 hic
196 1241 295 1299 amisit
318 1245 348 1298 et
371 1238 512 1318 substitit,
534 1247 564 1299 et
584 1241 648 1299 eius
668 1257 756 1318 quam
775 1240 888 1300 ferebat
907 1239 1015 1301 oblitus
1036 1240 1134 1301 subito

125 1335 260 1388 nostrum
282 1327 354 1388 litus
377 1322 541 1387 adamavit'

191 1416 246 1477 Hic
274 1435 341 1477 cum
369 1435 423 1495 ego
451 1419 659 1497 respirassem,
687 1419 785 1476 statim
811 1417 949 1478 Baeticus
972 1412 1013 1477 ‘o'
1037 1420 1136 1496 inquit

125 1502 251 1566 ‘beatam
274 1507 432 1586 civitatem,
455 1508 584 1584 quaein
607 1512 636 1566 te
659 1506 812 1584 fatigatum
835 1505 947 1566 incidit.
985 1525 1074 1585 quem
1098 1508 1134 1567 ad

124 1596 244 1655 modum
271 1602 370 1655 tamen
397 1602 427 1655 te
455 1597 660 1674 prosequitur,
688 1600 718 1654 et
743 1593 814 1674 quid
837 1594 885 1655 hic
909 1592 1027 1673 agitur?
1054 1596 1134 1655 unde
1152 1613 1178 1654 15

125 1684 261 1744 subvenit
283 1681 419 1745 reditus?
443 1703 479 1744 an
502 1691 586 1762 pater
609 1683 645 1743 ab
669 1683 765 1743 Africa
789 1679 1028 1744 subministratf'
1052 1680 1133 1744 ‘inde

124 1791 323 1854 nequaquam,
351 1792 418 1834 cum
444 1774 499 1833 hac
524 1775 589 1851 ipsa
611 1774 849 1851 peregrinatione
873 1773 1056 1832 offenderim.
1103 1775 1134 1832 in

124 1862 223 1923 reditu
237 1869 282 1922 est
296 1862 369 1922 mihi
382 1863 529 1942 professio
544 1857 730 1922 litteramm.'
761 1856 790 1920 ‘o
805 1879 868 1920 rem
883 1860 1133 1938 indignissimam!

124 1958 154 2011 et
186 1969 274 2030 quam
306 1969 399 2029 aequo
432 1951 493 2010 fers
522 1949 601 2010 istud
629 1953 741 2029 animo,
774 1949 878 2009 sedere
906 1952 937 2008 in
965 1949 1074 2010 scholis
1103 1957 1133 2010 et

124 2042 225 2119 pueris
242 2036 448 2119 praecipere‘i'
467 2039 502 2099 ad
523 2056 611 2117 quam
628 2037 709 2099 illius
727 2041 988 2116 interrogationem
1006 2041 1037 2098 in
1051 2040 1130 2099 hunc
1145 2056 1174 2095 20

123 2128 244 2188 modum
271 2127 418 2206 respondi.
465 2124 536 2187 ‘non
561 2129 654 2187 miror
676 2134 706 2187 te
729 2129 794 2187 eius
817 2146 896 2187 nunc
920 2146 985 2188 esse
1009 2146 1130 2206 persua-

124 2219 226 2296 sionis,
249 2235 305 2294 qua
329 2223 359 2275 et
382 2219 445 2294 ipse
469 2233 587 2294 quoque
611 2214 767 2294 aliquando
790 2215 927 2276 laboravi.
969 2223 1031 2276 toto
1051 2218 1130 2276 enim

125 2305 202 2382 quod
234 2307 348 2383 egimus
380 2305 582 2382 quinquennio
614 2305 671 2363 isto
701 2306 742 2363 ita
770 2303 843 2363 mihi
869 2311 1039 2383 pertaesum
1067 2313 1132 2365 erat

123 2393 211 2453 huius
238 2392 431 2471 professionis
461 2399 494 2453 ut
521 2410 668 2470 nusquam
690 2395 788 2452 vivere
816 2400 951 2471 putarem
979 2393 1131 2454 hominem

196 2570 209 2617 1
233 2564 355 2620 tardem:
379 2581 447 2620 corr.
463 2564 617 2635 Sebopeuus
638 2567 648 2635 ll
671 2563 800 2619 titana:
819 2582 887 2620 cori.
902 2565 1068 2619 Bitsclcelius
1086 2567 1096 2634 ΙΙ
1115 2570 1131 2618 5

123 2651 179 2688 non
197 2635 318 2690 serotino
337 2637 521 2691 Mornmoeuue
537 2639 546 2708 ll
565 2643 580 2690 ⁷
600 2637 714 2705 portant
731 2637 910 2704 Bitscbelios,
928 2642 958 2690 11
976 2637 1131 2692 11111111

122 2723 203 2762 11111
221 2708 339 2762 Hermae
357 2708 379 2761 I
394 2711 491 2775 (1866)
507 2713 589 2777 197
608 2709 672 2762 adn.
688 2713 707 2762 2
730 2707 902 2776 portendunt
924 2706 1078 2776 Sclcopenuo
1091 2710 1130 2776 119

122 2781 220 2832 uetera
238 2780 379 2848 (1111111
397 2781 511 2848 1111111)
529 2781 539 2849 ll
559 2785 591 2833 10
609 2777 705 2832 tiriam
725 2781 728 2847 Ι
748 2794 798 2847 per
815 2778 860 2832 tot
875 2777 985 2832 muria?
1003 2780 1012 2847 ΙΙ
1033 2784 1064 2832 13
1083 2778 1131 2832 be-

123 2849 213 2904 aticus
236 2853 245 2920 ΙΙ
269 2854 301 2902 15
325 2866 343 2903 a
364 2851 393 2904 te
413 2857 476 2920 post
498 2849 545 2903 hic
563 2851 627 2904 add.
642 2850 807 2905 Ritseteliue
829 2850 839 2918 l
864 2854 896 2902 16
916 2847 1013 2903 affrica
1032 2850 1037 2918 Ι
1057 2849 1132 2903 unde

122 2937 312 2989 nequaquam:
332 2938 399 2976 corr.
414 2922 599 2977 Mommsenio
612 2920 685 2975 unde
699 2922 731 2973 tu
745 2921 838 2990 putus,
856 2936 1036 2988 nequaquam
1050 2920 1131 2975 Sebo-

118 3010 207 3062 peous
229 2992 303 3046 unde
326 2993 358 3045 tu
378 2994 479 3060 putus?
503 2994 618 3061 epatre
637 2991 750 3060 quidem
768 3007 947 3059 nequequam
964 2992 1132 3047 Bitscbelius

123 3063 220 3134 [unde]
239 3079 417 3132 nequaquam
435 3065 580 3133 Hauptius
597 3064 825 3133 11111Ι1Ι469
846 3064 855 3131 ll
874 3069 906 3116 17
927 3080 990 3116 cum
1009 3079 1073 3116 eum
1090 3064 1132 3118 oei

122 3152 205 3203 quem
219 3136 384 3190 Ritsclrciius
397 3137 407 3204 ΙΙ
422 3140 454 3189 18
472 3133 586 3188 redditu
599 3136 746 3205 (pomerior
760 3133 779 3186 d
792 3137 941 3204 eoepoocta)
957 3136 962 3203 t
977 3133 1130 3203 possessio:

121 3223 189 3262 corr,
201 3208 355 3276 Sebopenus
370 3209 375 3274 Ι
386 3212 450 3275 post
466 3205 627 3259 litterarum
639 3206 776 3260 11111111
789 3207 957 3261 intercidisse
968 3211 1052 3275 putat
1068 3205 1131 3259 liit-

121 3280 236 3333 schelius
255 3279 265 3347 ll
287 3284 318 3332 19
337 3277 413 3331 istud
432 3284 579 3332 correctum
597 3293 630 3332 11
648 3275 721 3330 illud
740 3278 745 3346 1
766 3276 849 3331 scolis
866 3279 870 3345 Ι
887 3279 918 3330 nt
935 3278 944 3346 ll
965 3282 998 3329 21
1018 3279 1047 3330 te
1066 3278 1131 3331 add.

121 3350 299 3417 Riteclwlios,
325 3350 371 3404 sed
397 3350 493 3403 meiius
519 3349 635 3415 fortasse
657 3355 720 3403 1111
743 3349 785 3403 oei
802 3355 866 3418 poet
889 3363 949 3402 esse
972 3350 1105 3403 inseritur·
1122 3348 1132 3418 ,l

123 3426 156 3475 17
175 3420 349 3489 aliquamdiu
368 3419 522 3489 Schopeoos
547 3423 550 3489 Ι
573 3420 676 3472 totum:
695 3419 899 3474 1111111111
922 3421 931 3488 ΙΙ
955 3423 988 3471 23
1007 3417 1054 3473 hic
1068 3427 1134 3489 post

120 3493 195 3559 quod
215 3494 278 3546 add
298 3491 453 3560 Sebopeoue
472 3491 508 3543 ab
527 3489 609 3544 initio
627 3491 691 3544 add.
711 3489 877 3544 Ritscbeliue
893 3493 896 3559 Ι
913 3489 1048 3551 istotisto:
1072 3507 1131 3545 cor-

104 3561 262 3616 1111111111
280 3562 325 3617 ita
343 3563 533 3620 Mommsenio
551 3562 595 3616 ita
614 3561 780 3618 Ritscbeliue
