2436 3826
360 273 361 276 Ι
424 202 463 273 Π,
482 208 506 257 s.
527 210 542 258 a
561 203 622 273 (m,
644 206 765 274 17-18).
1034 205 1098 269 123

88 364 226 428 tristius?
263 368 334 447 quid
371 366 593 433 calamitosius?
630 389 698 430 cum
735 388 822 430 omne
856 369 973 430 Latium
1000 366 1097 450 'atque

88 456 242 537 Picenum,
270 455 390 517 Etruria
414 460 510 518 omnis
533 465 621 537 atquc
646 457 815 540 Campania,
840 458 991 538 postremo
1015 459 1098 521 Italia

88 552 190 606 contra
221 553 346 606 matrem
379 565 463 607 suam
496 565 529 607 ac
556 555 710 626 parentem
736 547 842 608 urbem
870 556 1097 629 consurgerent3
1145 548 1149 554 '

89 652 157 695 cum
176 652 262 694 omne
282 633 374 695 robur
387 636 618 697 fortissimorum
633 636 932 716 fidelissimorumque
947 639 1096 698 sociorum
1115 653 1131 700 o

61 722 145 783 asub
169 725 231 784 suis
256 726 381 802 quisquc
404 726 497 803 signis
515 724 659 786 haberent
678 726 866 805 municipalia
884 725 933 786 illa
951 726 1096 807 prodigia,

88 811 273 890 Poppaedius
287 812 400 874 Marsos
416 820 445 873 et
459 811 664 895 (Paelignos),
678 813 798 875 Latinos
810 815 956 896 Afranius,
970 814 1095 875 Vmbros

87 899 213 982 Plotius,
232 900 382 979 ‚Egnatius
410 901 565 983 Etruscos,
594 903 746 963 Samnium
769 903 987 983 Lucaniamque
1011 903 1094 964 Tele-

86 991 183 1070 sinus3
212 1008 280 1049 cum
306 1009 411 1069 regum
438 998 468 1052 et
495 994 628 1069 gentium
656 992 767 1053 arbiter
789 993 916 1072 populus
940 996 1039 1072 ipsum
1063 1008 1129 1055 sci

85 1096 189 1156 regere
212 1097 273 1138 non
295 1087 405 1161 posset,
429 1088 458 1141 et
481 1082 587 1141 victrix
609 1081 696 1142 Asiae
720 1089 750 1142 et
769 1080 905 1162 Europae
929 1102 945 1142 a
965 1081 1094 1142 Corfinio

45 1181 71 1220 ιο
85 1166 177 1227 Roma
200 1168 397 1247 adpeteretur.

150 1255 283 1317 Primum
307 1258 361 1318 luit
384 1257 455 1319 belli
478 1259 643 1340 consilium,
667 1266 700 1320 ut
718 1261 750 1319 in
768 1259 880 1320 Albano
899 1268 998 1321 monte
1018 1261 1094 1322 lesto
1114 1275 1130 1324 8

85 1344 134 1404 die
152 1344 323 1406 Latinarum
341 1346 436 1408 lulius
455 1347 563 1409 Cacsar
587 1355 616 1408 et
634 1348 761 1409 Marcius
780 1348 934 1428 Philippus
958 1349 1094 1410 consules

84 1435 163 1494 iuter
195 1453 277 1495 sacra
310 1442 340 1495 et
371 1454 437 1496 aras
469 1437 701 1498 immolarentur.
760 1444 917 1516 postquam
948 1438 979 1497 id
1011 1439 1128 1501 nclaso

83 1523 252 1601 proditione
281 1524 448 1585 discussum
477 1534 534 1607 est,
563 1525 668 1586 Asculo
697 1526 780 1585 luror
803 1528 899 1586 omnis
923 1528 1034 1606 erupit,
1062 1529 1094 1587 in

44 1623 70 1664 ιι
84 1613 148 1690 ipsa
176 1613 296 1691 quidem
323 1613 459 1674 ludorum
489 1615 655 1693 frequentia
682 1614 838 1675 trucidatis
867 1617 918 1692 qui
945 1622 1017 1676 tunc
1043 1616 1092 1675 ad·

85 1707 170 1761 erant
192 1701 228 1761 ab
252 1701 325 1762 urbe
348 1701 460 1781 legatis.
506 1703 562 1764 hoc
585 1704 642 1764 fuit
664 1705 750 1782 impii
771 1702 842 1763 belli
866 1711 1091 1764 sacramentum.

84 1789 153 1849 iude
182 1792 240 1850 iam
266 1793 377 1870 passim
405 1791 440 1852 ab
471 1795 552 1853 omni
578 1798 662 1872 parte
685 1790 785 1852 Italiae
814 1791 889 1852 duce
918 1799 948 1852 et.
973 1799 1092 1853 auctore
1114 1808 1146 1856 10

83 1876 154 1938 belli
183 1879 367 1940 discursante
389 1879 556 1960 Poppaedio
585 1881 699 1941 diversa
722 1898 777 1959 per
799 1881 924 1960 populos
949 1888 979 1941 et
1001 1881 1092 1943 urbes

84 1968 167 2045 signa
196 1971 340 2029 cecinere.
382 1988 437 2029 nec
460 1969 633 2030 Hannibalis
656 1987 712 2030 nec
734 1969 840 2049 Pyrrhi
862 1970 918 2030 fuit
941 1977 1020 2031 tanta
1045 1990 1092 2031 va·
1114 1987 1145 2034 11

153 2162 169 2209 2
188 2156 298 2210 italiam
317 2160 355 2226 (m
374 2162 462 2228 erese)
476 2159 510 2212 N
519 2162 558 2229 ΙΙ3
578 2160 774 2229 adpetentem
793 2175 873 2211 suam
888 2160 910 2212 G
925 2161 929 2228 Ι
946 2176 978 2212 ac
993 2164 1019 2229 (c
1032 2178 1092 2229 sep.

81 2230 158 2297 cers.)
168 2230 196 2283 Β
213 2231 216 2297 Ι
234 2231 449 2298 consurgeretB
462 2231 471 2299 ΙΙ
485 2236 502 2283 4
516 2231 600 2284 robur
614 2233 639 2300 (o
652 2248 720 2285 corr.
731 2247 765 2284 ee
774 2232 803 2299 ιιΙ
813 2231 840 2283 Β
856 2233 861 2298 Ι
876 2229 1093 2285 fortissimorum

82 2299 257 2366 (posteriori
275 2317 343 2354 corr.
363 2319 397 2355 ex
415 2303 442 2370 o)
462 2302 488 2355 L
506 2303 515 2371 ΙΙ
534 2306 550 2354 5
568 2300 752 2371 municipalia
770 2303 879 2369 (ultima
897 2301 908 2354 i
927 2319 995 2358 com.
1014 2321 1048 2357 ecc
1067 2306 1092 2372 e)

81 2370 109 2423 Β
122 2371 132 2439 ΙΙ
146 2375 161 2422 6
183 2371 340 2440 poppedius
359 2372 419 2425 BL
436 2371 591 2442 poppedios
611 2373 654 2440 N,
671 2391 695 2427 o.
710 2373 789 2426 Islote'
802 2390 861 2442 per.
878 2378 911 2427 76
930 2380 955 2428 ct
974 2373 1001 2428 Ο.
1016 2376 1042 2429 Ι.
1057 2374 1091 2429 L.

83 2442 114 2493 X
126 2445 191 2509 220,
205 2447 273 2507 417;
294 2442 369 2497 Oros.
384 2442 410 2496 V
425 2448 467 2512 18,
483 2449 515 2497 25
534 2443 720 2513 Popacdium‚
739 2444 882 2509 Plutarch.
905 2443 962 2499 cat.
981 2448 1047 2500 mim.
1063 2452 1093 2513 2,

80 2513 204 2580 Appiam.
216 2514 239 2567 b.
250 2529 272 2567 c.
282 2515 345 2568 140
359 2515 411 2568 azot
425 2532 485 2568 epm
494 2517 675 2583 Πομπαίδιον
690 2515 832 2583 appeltam
848 2516 851 2581 Ι
866 2513 1017 2585 Paelignos
1027 2518 1091 2571 odd.

81 2583 291 2638 Kellerbauerms
305 2585 404 2640 Potior.
420 2586 501 2638 XXI
509 2586 617 2655 [1864]
626 2604 656 2665 p.
672 2589 727 2639 163
745 2584 874 2638 Picentes
893 2587 1029 2657 Bcrplm'ms
1042 2589 1091 2641 In·

80 2655 147 2708 scier.
158 2659 223 2709 edm.
235 2655 464 2726 Scblemderpescb.
471 2672 501 2724 p.
514 2661 551 2710 60
566 2658 570 2724 Ι
587 2656 708 2709 afnenos
718 2658 746 2711 Β
761 2655 895 2709 affranius
910 2660 938 2725 (u
952 2660 984 2711 tn
998 2666 1090 2712 ootmt.

79 2743 113 2778 m.
130 2729 157 2789 ΙΙ
176 2726 210 2778 N
215 2731 233 2792 †
252 2727 281 2779 et
298 2725 413 2779 Latinos
432 2725 562 2780 Afrianus
582 2726 723 2794 Halmius,
744 2732 773 2781 at
791 2745 814 2781 o.
832 2727 863 2782 0.
879 2727 1005 2782 Kellerms
1023 2745 1090 2783 mos.

81 2796 167 2849 Rbem.
188 2798 315 2851 XXXH
329 2799 437 2867 [1877]
456 2815 485 2866 p.
505 2802 560 2852 487
582 2804 606 2852 et
628 2799 854 2852 Mendelssobmms
873 2798 910 2850 ad
928 2800 1092 2868 Appianum

82 2867 141 2920 bell.
156 2868 206 2922 cip.
221 2868 282 2922 140
303 2873 307 2936 Ι
327 2868 440 2923 umbros
463 2869 538 2922 totos
557 2870 585 2923 Β
603 2867 717 2922 umbros
735 2869 829 2923 totus.
843 2868 875 2924 O:
898 2886 967 2924 corr.
985 2871 1091 2925 Tollius

25 3004 27 3007 ι
82 2937 273 2993 Fortuitormm
289 2958 348 3009 cap.
364 2945 411 3008 22,
430 2941 464 3006 cf.
480 2939 558 2994 mett
568 2957 625 3008 per.
643 2944 676 2992 74
690 2943 698 3006 ΙΙ
714 2944 728 2991 7
748 2941 859 2993 senatos
878 2940 906 3006 (v
919 2944 1047 3010 cupreo)
1062 2943 1091 2995 et

81 3007 209 3062 consules
219 3011 246 3063 Β
256 3013 370 3065 sanatus
380 3013 409 3065 et
418 3010 545 3065 consulas
558 3011 589 3065 0:
600 3028 668 3065 com.
679 3011 804 3080 Lipsius,
817 3013 852 3078 cf.
862 3014 1012 3081 Apptomms
1022 3014 1038 3067 l.
1050 3030 1071 3067 c.
1085 3015 1088 3084 Ι

82 3077 211 3133 sonnium
221 3082 247 3134 L
260 3083 270 3151 ΙΙ
284 3082 435 3136 etelesinus
445 3084 473 3136 Β
481 3081 538 3136 tale
549 3081 625 3135 sinus
636 3084 781 3151 (posterior
789 3099 806 3144 a
815 3101 849 3137 m.
859 3090 875 3145 1
882 3086 914 3138 im
923 3085 1032 3153 rasore)
1043 3084 1077 3137 N
1081 3086 1090 3151 ΙΙ

82 3156 97 3204 8
111 3168 204 3205 rerum
213 3154 240 3206 Β
254 3169 371 3224 regnum
381 3154 408 3207 L
421 3156 430 3223 ΙΙ
444 3158 460 3205 9
475 3157 507 3206 ut
518 3154 541 3208 Ο
554 3156 557 3221 Ι
573 3152 619 3206 uic
632 3152 708 3206 turix
722 3155 909 3222 (posteriorem
923 3172 941 3207 u
955 3158 1091 3224 expectavit

79 3223 195 3292 m.1)N
207 3227 210 3288 Ι
228 3223 460 3293 asiaeeuropaeque
474 3228 496 3277 G
511 3228 514 3292 Ι
532 3222 668 3278 aconfinio
683 3225 710 3278 Β
724 3226 733 3294 ΙΙ
748 3229 781 3277 10
795 3241 874 3278 roma
889 3243 938 3280 om.
949 3227 977 3279 Β
993 3230 997 3292 Ι
1012 3228 1090 3296 pete-

79 3296 156 3348 retur
167 3293 190 3348 0
200 3296 210 3364 ΙΙ
225 3300 257 3347 11
267 3295 361 3350 Primo
371 3297 399 3350 B
416 3308 419 3364 Ι
436 3296 466 3348 in
480 3295 583 3349 albano
593 3297 687 3348 monte
698 3294 846 3349 consilium
855 3298 899 3352 ut:
914 3299 1073 3366 transposui
1082 3298 1090 3367 ΙΙ

81 3371 113 3418 12
134 3366 261 3419 consules
281 3368 324 3434 (su
342 3384 376 3420 m.
389 3373 404 3420 1
419 3369 451 3420 im
463 3384 565 3421 rasura
579 3369 663 3421 trium
677 3367 841 3437 litterarum)
856 3368 883 3421 Β
901 3369 911 3437 ΙΙ
930 3372 963 3420 14
978 3368 1090 3421 aesculo

82 3435 121 3505 ΟΙ
138 3436 242 3506 eripuit
260 3438 288 3491 Β
301 3439 311 3505 ΙΙ
325 3443 358 3491 15
377 3440 438 3491 tum
456 3438 499 3507 ΟΙΙ
515 3446 546 3492 16
566 3436 621 3490 fuit
638 3436 751 3490 inbellis
771 3440 975 3492 sacramentum
991 3439 1018 3492 Β
1032 3441 1042 3509 ΙΙ
1057 3446 1089 3494 17

78 3507 186 3575 possim
211 3507 231 3577 (i
253 3510 375 3564 radendo
393 3515 513 3564 correcte
531 3526 565 3563 ee
582 3511 611 3578 ιι)
629 3509 657 3562 Β
675 3510 687 3579 ΙΙ
704 3513 737 3562 18
755 3509 888 3580 pompeio
909 3511 935 3563 Β
950 3510 1103 3577 poppedio

82 3577 106 3631 0
115 3580 130 3645 Ι
146 3583 181 3630 19
198 3578 340 3632 annibalis
358 3581 388 3634 B
407 3584 413 3650 Ι
432 3579 513 3652 pyrri
532 3582 559 3637 Β
577 3579 674 3654 pirrbi
693 3582 719 3637 L
