2436 3826
413 168 615 220 PRAEF'PTIO
634 167 804 221 EDITORIS
1053 165 1116 218 LIII

106 334 278 393 narratione
306 334 344 393 ab
372 353 406 394 eo
435 335 584 410 discrepat
612 337 643 394 et
671 334 898 412 dispositionem
925 334 1044 395 omnino
1072 333 1116 392 di-

105 441 224 483 versam
257 423 404 501 sequitur,
437 426 539 483 tamen
571 423 637 483 fieri
669 443 729 483 non
759 427 881 500 poterat
910 423 983 501 quin
1009 423 1118 482 Florus

107 513 256 589 quaedam
285 512 323 571 ab
351 512 516 572 clarissimo
545 512 599 572 illo
628 515 658 572 et
685 513 760 573 bene
787 513 845 572 sibi
872 516 944 573 noto
973 511 1116 570 historico

105 603 231 678 peteret.
280 601 378 661 multo
410 620 482 661 vero
514 601 611 680 magis
642 602 680 660 ad
709 600 868 660 Claudiani
895 605 927 662 et
952 600 1119 660 Neroniani

104 689 226 766 imperii
256 691 416 766 scriptores
444 690 571 750 inclinet
601 694 632 750 et
653 689 832 767 praesertim
855 691 895 749 ad
917 709 967 750 eos
990 708 1118 765 quorum

105 781 179 838 tunc
202 796 320 838 summa
343 780 508 839 auctoritas
532 782 597 839 erat
619 779 654 838 L.
672 779 813 839 Annaeos
836 779 1119 856 Senecas„patrem

107 871 138 927 et
160 867 257 927 filium
264 860 298 950 1).
337 887 397 945 qua
416 869 452 927 de
471 888 504 928 re
523 887 592 928 cum
609 869 670 927 iarn
689 868 749 928 alio
768 869 835 928 loco
854 867 1073 946 disputaverim
1081 858 1118 948 q)‚

106 957 154 1016 hic
183 957 324 1035 graviora
350 960 471 1017 tantum
499 959 687 1035 maximeque
716 977 752 1017 ea
778 956 949 1034 dequibus
971 959 1041 1035 post
1064 957 1118 1014 hos
1152 992 1155 997 -
1207 1013 1208 1018 ,

106 1049 222 1122 septem
245 1064 338 1106 annos
361 1046 450 1106 aliter
473 1046 570 1106 sentio
593 1046 752 1122 proferam.
789 1050 908 1107 constat
927 1047 1115 1119 Senecam,
1139 1053 1209 1093 sensa

105 1153 197 1211 quem
232 1135 384 1201 rhetorem
422 1136 590 1213 apperens,
626 1137 763 1195 temtos
795 1137 831 1195 ao
863 1137 946 1196 taceo
979 1107 1210 1200 peramara

107 1225 236 1290 ciciliam
258 1215 281 1305 (·
295 1223 328 1283 i·
347 1244 366 1282 a
388 1225 587 1284 seditionibus
612 1217 807 1307 Gracchanis)
835 1243 926 1300 usqae
951 1227 991 1284 ad
1019 1226 1120 1284 mortis

107 1330 179 1372 saec
201 1314 277 1372 diem
300 1312 463 1389 scripsisse,
487 1332 562 1391 quas
585 1313 649 1389 ipse
672 1332 731 1373 non
755 1313 850 1373 edidit
873 1315 925 1374 sed
947 1313 1011 1374 filio
1033 1313 1119 1372 emit·

106 1401 213 1466 tendas
241 1401 375 1478 reliquit.
421 1402 453 1460 id
481 1402 562 1479 quod
587 1422 620 1461 re
648 1421 720 1464 vera
749 1404 864 1462 factum
887 1421 951 1464 esse
976 1407 1007 1463 et
1029 1402 1120 1461 huius

107 1491 199 1551 verba
218 1490 412 1567 comprobant
430 1491 518 1550 initio
537 1491 607 1550 libri
625 1493 660 1550 de
673 1494 735 1550 cita
750 1493 850 1565 patris
864 1493 983 1552 serrata
997 1483 1118 1572 (fragm.

108 1582 149 1640 98
169 1579 333 1639 ed.>Haase
353 1605 395 1628 =
413 1600 441 1655 p.
461 1579 560 1638 XXXI
578 1580 623 1660 ed.¹
643 1571 862 1662 Studemund):
881 1583 908 1640 sc'
926 1597 1120 1654 quaecunque

106 1671 265 1743 conpescit
281 1674 369 1743 pater
386 1686 468 1728 meas
487 1672 514 1727 et
535 1670 590 1728 cdi
612 1670 724 1728 coluit
744 1671 815 1728 tam
835 1671 868 1727 aba
890 1687 997 1728 monas
1014 1670 1121 1742 popula·

107 1761 264 1818 emisissem
291 1761 322 1818 et
350 1759 410 1818 duo
434 1759 604 1836 fragmenta
628 1776 646 1817 a
668 1757 828 1817 Lactantio
851 1759 921 1818 inst.
945 1758 1035 1818 divin.
1060 1757 1119 1816 VH

108 1848 219 1926 15,14
248 1850 279 1906 et
307 1867 325 1906 a
354 1847 499 1907 Suetonio
528 1846 592 1906 Tib.
623 1849 664 1908 73
691 1847 813 1906 tradita.
858 1847 919 1906 iam
942 1847 1024 1907 felici
1047 1865 1120 1913 casu

107 1937 209 1998 evenit
231 1939 267 1995 ut
288 1935 418 1995 Senecae
441 1935 533 1996 verba
557 1955 635 2013 quae
658 1936 741 2012 apud
757 1935 952 1996 Lactantium
974 1937 1120 2014 leguntur

106 2026 211 2084 eodem
241 2025 305 2084 fere
337 2025 426 2085 modo
457 2025 546 2084 illum
568 2027 670 2102 *atque
699 2025 822 2084 Florum
854 2025 960 2102 populi
991 2025 1120 2084 Romani

107 2132 177 2173 cum
203 2133 265 2175 uuo
293 2114 412 2174 homine
442 2114 607 2190 comparati
629 2117 768 2191 tempora
789 2115 821 2173 in
845 2117 960 2175 aetates
983 2114 1119 2174 divisisse

108 2203 281 2275 ostendant
295 2203 456 2272 infantiam
474 2203 710 2264 adulescentiam
728 2203 919 2264 iuventutem
933 2206 1120 2263 senectutem

109 2292 310 2369 constituisse,
334 2291 476 2352 libertate
500 2292 556 2351 sub
575 2292 807 2369 imperatoribus
826 2293 938 2353 amissa
957 2293 1120 2352 terminum

108 2383 201 2457 atque
224 2380 313 2439 finem
335 2381 479 2441 historiae
496 2381 689 2458 imposuisse.
727 2382 782 2441 hoc
805 2382 902 2459 igitur
923 2382 1030 2459 utique
1051 2400 1120 2441 con-

108 2469 274 2529 cedendum
307 2473 353 2528 est
385 2473 416 2529 et
448 2488 622 2530 concessum
654 2473 701 2529 est
728 2469 765 2529 ab
793 2468 828 2530 Ο.
853 2470 968 2548 Iahnio‚
1000 2471 1120 2530 homine

109 2549 326 2640 cautissim03),
348 2558 472 2619 Florum
493 2577 512 2616 a
531 2559 644 2618 Seneca
662 2560 825 2637 imaginem
842 2560 928 2617 illam
946 2561 1120 2618 mutuatum

109 2665 180 2707 esse.
227 2648 307 2724 quod
335 2647 362 2707 si
390 2667 496 2708 verum
524 2651 570 2706 est
601 2650 631 2706 et
661 2647 688 2706 si
709 2647 844 2707 tenueris
868 2647 992 2707 Florum
1021 2648 1120 2707 distri·

180 2836 206 2903 1)
224 2834 300 2904 patri
328 2848 439 2902 quoque
469 2850 640 2903 praenomen
661 2833 748 2888 Lucio
776 2833 863 2888 fuisse
890 2833 921 2886 Ε.
940 2833 1120 2888 Woeliilinus

108 2904 240 2973 probavit
261 2904 362 2959 ‘musei
379 2904 519 2959 Rhenani’
542 2905 563 2958 L
582 2908 673 2974 (1895)
692 2923 718 2975 p.
734 2910 794 2960 320.

60 3031 62 3036 ,
179 2978 206 3045 2)
226 2977 278 3030 ‘De
303 2976 425 3031 Senecae
447 2975 610 3045 philosophi
633 2975 769 3031 librorum
791 2975 954 3030 recensione
978 2978 1007 3030 et
1029 2993 1121 3030 emen-

110 3045 236 3101 datione’
256 3066 283 3117 p.
301 3054 351 3102 163
362 3065 402 3116 sq.

178 3121 205 3188 3)
223 3118 310 3189 praef.
331 3137 356 3188 p.
372 3117 496 3172 XXXIX.
532 3135 590 3172 non
616 3135 681 3173 curo
708 3135 756 3173 eos
779 3118 828 3186 qui
845 3135 935 3188 nuper
953 3117 1045 3172 causis
1065 3135 1121 3172 non

106 3188 203 3244 allatis
236 3189 439 3244 dubitaverunt
470 3206 538 3242 num
567 3189 673 3244 Seneca
704 3207 722 3244 a
748 3188 832 3245 Floro
865 3188 1009 3244 adhibitus
1038 3193 1120 3244 esset.

106 3260 218 3330 gaudeo
241 3263 338 3315 tamen
366 3260 442 3329 quod
465 3275 538 3328 quae
561 3259 592 3314 in
619 3260 691 3316 libro
718 3277 803 3329 supra
826 3263 981 3315 memorato
1005 3260 1122 3331 exposui

107 3348 171 3385 cum
195 3331 315 3386 aliorum
341 3331 463 3386 virorum
482 3330 735 3387 eruditissimorum
754 3348 901 3386 assensum
917 3331 1052 3386 tulerunt
1062 3336 1139 3382 tm

108 3402 145 3457 ab
161 3401 188 3458 S.
202 3402 339 3458 Brandtio
353 3401 384 3456 in
397 3400 542 3456 Laetantii
558 3403 725 3460 diuinarum
738 3402 970 3458 institutionum
976 3397 1160 3452 recedamus

105 3478 209 3528 111390
221 3473 355 3546 evulgata
368 3494 396 3547 p.
407 3473 468 3532 CXI
474 3493 518 3547 sq.
534 3480 564 3536 et
579 3485 634 3536 333
647 3477 738 3537 nonis
752 3472 944 3550 argumentis
954 3458 1195 3562 1111111111ζέ

94 3543 132 3598 etl
143 3543 229 3599 etiam
243 3545 337 3620 Pauly
355 3552 386 3606 et
397 3549 548 3610 Wissowa
562 3547 888 3628 ‘Realencpclop‘adie'
904 3541 1062 3612 limi
1071 3527 1159 3579 ψῃ
1202 3549 1210 3573 ’·
