<?xml version="1.0" encoding="UTF-8"?>
<!DOCTYPE html PUBLIC "-//W3C//DTD XHTML 1.0 Transitional//EN"
    "http://www.w3.org/TR/xhtml1/DTD/xhtml1-transitional.dtd">
<html xmlns="http://www.w3.org/1999/xhtml" xml:lang="en" lang="en">
 <head>
  <title>
</title>
<meta http-equiv="Content-Type" content="text/html;charset=utf-8" />
  <meta name='ocr-system' content='tesseract 3.04.00' />
  <meta name='ocr-capabilities' content='ocr_page ocr_carea ocr_par ocr_line ocrx_word'/>
</head>
<body>
  <div class='ocr_page' id='page_1' title='image "./lannaeifloriepi00florgoog_0167.png"; bbox 0 0 2436 3826; ppageno 0'>
   <div class='ocr_carea' id='block_1_1' title="bbox 155 186 813 252">
    <p class='ocr_par' dir='ltr' id='par_1_1' title="bbox 155 186 813 252">
     <span class='ocr_line' id='line_1_1' title="bbox 155 186 813 252; baseline 0 -15"><span class='ocrx_word' id='word_1_1' title='bbox 155 189 203 252; x_wconf 74' lang='lat'><strong>95</strong></span> <span class='ocrx_word' id='word_1_2' title='bbox 524 186 634 239; x_wconf 78' lang='lat' dir='ltr'><strong>anoni</strong></span> <span class='ocrx_word' id='word_1_3' title='bbox 652 187 813 239; x_wconf 73' lang='lat' dir='ltr'><strong>armoni</strong></span> 
     </span>
    </p>
   </div>
   <div class='ocr_carea' id='block_1_2' title="bbox 107 349 1211 2468">
    <p class='ocr_par' dir='ltr' id='par_1_2' title="bbox 125 349 1176 610">
     <span class='ocr_line' id='line_1_2' title="bbox 125 349 1176 433; baseline -0.004 -19"><span class='ocrx_word' id='word_1_4' title='bbox 125 353 310 433; x_wconf 73' lang='lat' dir='ltr'><strong>Atlagrabat.</strong></span> <span class='ocrx_word' id='word_1_5' title='bbox 357 371 441 431; x_wconf 87' lang='lat' dir='ltr'><strong>spem</strong></span> <span class='ocrx_word' id='word_1_6' title='bbox 465 371 499 412; x_wconf 90' lang='grc'><strong>33</strong></span> <span class='ocrx_word' id='word_1_7' title='bbox 522 352 660 412; x_wconf 86' lang='lat' dir='ltr'><strong>fiduciam</strong></span> <span class='ocrx_word' id='word_1_8' title='bbox 684 349 793 410; x_wconf 92' lang='lat' dir='ltr'><strong>dabant</strong></span> <span class='ocrx_word' id='word_1_9' title='bbox 815 356 917 409; x_wconf 92' lang='lat' dir='ltr'><strong>nostra</strong></span> <span class='ocrx_word' id='word_1_10' title='bbox 939 351 1019 409; x_wconf 84' lang='lat' dir='ltr'><strong>vitia.</strong></span> <span class='ocrx_word' id='word_1_11' title='bbox 1065 352 1176 429; x_wconf 83' lang='lat' dir='ltr'>quippe</span> 
     </span>
     <span class='ocr_line' id='line_1_3' title="bbox 161 437 1175 519; baseline -0.005 -16"><span class='ocrx_word' id='word_1_12' title='bbox 161 462 229 503; x_wconf 89' lang='lat' dir='ltr'><strong>cum</strong></span> <span class='ocrx_word' id='word_1_13' title='bbox 270 441 405 502; x_wconf 88' lang='lat' dir='ltr'><strong>civilibus</strong></span> <span class='ocrx_word' id='word_1_14' title='bbox 442 439 529 500; x_wconf 92' lang='lat' dir='ltr'><strong>bellis</strong></span> <span class='ocrx_word' id='word_1_15' title='bbox 566 440 828 518; x_wconf 80' lang='lat' dir='ltr'><strong>distringeremur,</strong></span> <span class='ocrx_word' id='word_1_16' title='bbox 868 437 1012 498; x_wconf 85' lang='lat' dir='ltr'><strong>invitabat</strong></span> <span class='ocrx_word' id='word_1_17' title='bbox 1049 441 1175 519; x_wconf 80' lang='lat' dir='ltr'>occasio,</span> 
     </span>
     <span class='ocr_line' id='line_1_4' title="bbox 160 526 1176 610; baseline -0.004 -19"><span class='ocrx_word' id='word_1_18' title='bbox 160 532 331 610; x_wconf 92' lang='lat' dir='ltr'><strong>nudumque</strong></span> <span class='ocrx_word' id='word_1_19' title='bbox 362 530 439 590; x_wconf 90' lang='lat' dir='ltr'><strong>latus</strong></span> <span class='ocrx_word' id='word_1_20' title='bbox 467 531 576 608; x_wconf 90' lang='lat' dir='ltr'><strong>imperi</strong></span> <span class='ocrx_word' id='word_1_21' title='bbox 603 527 799 588; x_wconf 79' lang='lat' dir='ltr'>ostendebant</span> <span class='ocrx_word' id='word_1_22' title='bbox 825 526 930 605; x_wconf 93' lang='lat' dir='ltr'><strong>procul</strong></span> <span class='ocrx_word' id='word_1_23' title='bbox 956 526 1068 587; x_wconf 88' lang='lat' dir='ltr'><strong>Marius</strong></span> <span class='ocrx_word' id='word_1_24' title='bbox 1096 526 1176 606; x_wconf 79' lang='lat' dir='ltr'><strong>Sylla</strong></span> 
     </span>
    </p>

    <p class='ocr_par' dir='ltr' id='par_1_3' title="bbox 126 615 1211 963">
     <span class='ocr_line' id='line_1_5' title="bbox 126 615 1174 695; baseline -0.004 -15"><span class='ocrx_word' id='word_1_25' title='bbox 126 621 319 680; x_wconf 84' lang='lat' dir='ltr'><strong>5Sertorius.</strong></span> <span class='ocrx_word' id='word_1_26' title='bbox 377 621 455 678; x_wconf 89' lang='lat' dir='ltr'><strong>inter</strong></span> <span class='ocrx_word' id='word_1_27' title='bbox 491 618 564 678; x_wconf 93' lang='lat' dir='ltr'><strong>haec</strong></span> <span class='ocrx_word' id='word_1_28' title='bbox 596 619 642 677; x_wconf 89' lang='lat' dir='ltr'><strong>rei</strong></span> <span class='ocrx_word' id='word_1_29' title='bbox 673 636 701 695; x_wconf 91' lang='lat' dir='ltr'><strong>p.</strong></span> <span class='ocrx_word' id='word_1_30' title='bbox 725 615 847 675; x_wconf 91' lang='lat' dir='ltr'><strong>vulnera</strong></span> <span class='ocrx_word' id='word_1_31' title='bbox 880 623 909 676; x_wconf 91' lang='lat' dir='ltr'><strong>et</strong></span> <span class='ocrx_word' id='word_1_32' title='bbox 940 615 995 675; x_wconf 92' lang='lat' dir='ltr'><strong>hos</strong></span> <span class='ocrx_word' id='word_1_33' title='bbox 1027 616 1174 676; x_wconf 92' lang='lat' dir='ltr'><strong>tumultus</strong></span> 
     </span>
     <span class='ocr_line' id='line_1_6' title="bbox 160 703 1211 788; baseline -0.004 -19"><span class='ocrx_word' id='word_1_34' title='bbox 160 716 283 788; x_wconf 90' lang='lat' dir='ltr'><strong>repente</strong></span> <span class='ocrx_word' id='word_1_35' title='bbox 321 710 405 786; x_wconf 85' lang='lat' dir='ltr'>quasi</span> <span class='ocrx_word' id='word_1_36' title='bbox 442 714 557 785; x_wconf 85' lang='lat' dir='ltr'><strong>captato</strong></span> <span class='ocrx_word' id='word_1_37' title='bbox 594 712 728 784; x_wconf 92' lang='lat' dir='ltr'><strong>tempore</strong></span> <span class='ocrx_word' id='word_1_38' title='bbox 766 707 797 764; x_wconf 92' lang='lat' dir='ltr'><strong>in</strong></span> <span class='ocrx_word' id='word_1_39' title='bbox 834 703 928 765; x_wconf 90' lang='lat' dir='ltr'><strong>lassos</strong></span> <span class='ocrx_word' id='word_1_40' title='bbox 962 703 1051 764; x_wconf 92' lang='lat' dir='ltr'><strong>simul</strong></span> <span class='ocrx_word' id='word_1_41' title='bbox 1084 711 1173 783; x_wconf 90' lang='lat' dir='ltr'><strong>atque</strong></span> <span class='ocrx_word' id='word_1_42' title='bbox 1199 713 1211 755; x_wconf 73' lang='grc'><strong>1</strong></span> 
     </span>
     <span class='ocr_line' id='line_1_7' title="bbox 160 792 1175 857; baseline -0.003 -1"><span class='ocrx_word' id='word_1_43' title='bbox 160 798 312 857; x_wconf 89' lang='lat' dir='ltr'><strong>districtos</strong></span> <span class='ocrx_word' id='word_1_44' title='bbox 351 796 466 857; x_wconf 91' lang='lat' dir='ltr'><strong>subitus</strong></span> <span class='ocrx_word' id='word_1_45' title='bbox 504 793 592 855; x_wconf 92' lang='lat' dir='ltr'><strong>turbo</strong></span> <span class='ocrx_word' id='word_1_46' title='bbox 624 794 741 853; x_wconf 81' lang='lat' dir='ltr'><strong>Pontici</strong></span> <span class='ocrx_word' id='word_1_47' title='bbox 773 792 844 852; x_wconf 90' lang='lat' dir='ltr'><strong>belli</strong></span> <span class='ocrx_word' id='word_1_48' title='bbox 876 793 912 854; x_wconf 90' lang='lat' dir='ltr'><strong>ah</strong></span> <span class='ocrx_word' id='word_1_49' title='bbox 944 792 1048 853; x_wconf 92' lang='lat' dir='ltr'><strong>ultima</strong></span> <span class='ocrx_word' id='word_1_50' title='bbox 1081 793 1175 853; x_wconf 89' lang='lat' dir='ltr'><strong>veluti</strong></span> 
     </span>
     <span class='ocr_line' id='line_1_8' title="bbox 161 884 646 963; baseline -0.006 -19"><span class='ocrx_word' id='word_1_51' title='bbox 161 885 280 963; x_wconf 87' lang='lat' dir='ltr'><strong>specula</strong></span> <span class='ocrx_word' id='word_1_52' title='bbox 304 885 516 963; x_wconf 81' lang='lat' dir='ltr'><strong>septentrionis</strong></span> <span class='ocrx_word' id='word_1_53' title='bbox 540 884 646 961; x_wconf 82' lang='lat' dir='ltr'><strong>erupit.</strong></span> 
     </span>
    </p>

    <p class='ocr_par' dir='ltr' id='par_1_4' title="bbox 122 969 1211 2202">
     <span class='ocr_line' id='line_1_9' title="bbox 124 969 1174 1050; baseline -0.004 -16"><span class='ocrx_word' id='word_1_54' title='bbox 124 986 140 1034; x_wconf 83' lang='lat'><strong>6</strong></span> <span class='ocrx_word' id='word_1_55' title='bbox 225 974 343 1034; x_wconf 87' lang='lat' dir='ltr'><strong>Primus</strong></span> <span class='ocrx_word' id='word_1_56' title='bbox 376 975 475 1032; x_wconf 91' lang='lat' dir='ltr'><strong>statim</strong></span> <span class='ocrx_word' id='word_1_57' title='bbox 506 972 636 1049; x_wconf 92' lang='lat' dir='ltr'><strong>impetus</strong></span> <span class='ocrx_word' id='word_1_58' title='bbox 663 969 735 1030; x_wconf 94' lang='lat' dir='ltr'><strong>belli</strong></span> <span class='ocrx_word' id='word_1_59' title='bbox 761 970 930 1048; x_wconf 80' lang='lat' dir='ltr'><strong>Bithyniam</strong></span> <span class='ocrx_word' id='word_1_60' title='bbox 959 972 1072 1050; x_wconf 85' lang='lat' dir='ltr'><strong>rapuit,</strong></span> <span class='ocrx_word' id='word_1_61' title='bbox 1104 970 1174 1031; x_wconf 90' lang='lat' dir='ltr'><strong>Asia</strong></span> 
     </span>
     <span class='ocr_line' id='line_1_10' title="bbox 159 1059 1174 1140; baseline -0.001 -20"><span class='ocrx_word' id='word_1_62' title='bbox 159 1061 227 1121; x_wconf 91' lang='lat' dir='ltr'><strong>inde</strong></span> <span class='ocrx_word' id='word_1_63' title='bbox 256 1064 321 1139; x_wconf 91' lang='lat' dir='ltr'><strong>pari</strong></span> <span class='ocrx_word' id='word_1_64' title='bbox 349 1069 464 1121; x_wconf 90' lang='lat' dir='ltr'><strong>terrore</strong></span> <span class='ocrx_word' id='word_1_65' title='bbox 488 1066 624 1137; x_wconf 89' lang='lat' dir='ltr'><strong>correpta</strong></span> <span class='ocrx_word' id='word_1_66' title='bbox 648 1066 706 1140; x_wconf 78' lang='lat' dir='ltr'><strong>est,</strong></span> <span class='ocrx_word' id='word_1_67' title='bbox 734 1077 789 1118; x_wconf 90' lang='lat' dir='ltr'><strong>nee</strong></span> <span class='ocrx_word' id='word_1_68' title='bbox 814 1065 988 1119; x_wconf 84' lang='lat' dir='ltr'><strong>cunctanter</strong></span> <span class='ocrx_word' id='word_1_69' title='bbox 1011 1059 1047 1118; x_wconf 94' lang='lat' dir='ltr'><strong>ad</strong></span> <span class='ocrx_word' id='word_1_70' title='bbox 1070 1076 1174 1138; x_wconf 83' lang='lat' dir='ltr'><strong>regem</strong></span> 
     </span>
     <span class='ocr_line' id='line_1_11' title="bbox 124 1147 1211 1227; baseline -0.001 -18"><span class='ocrx_word' id='word_1_71' title='bbox 124 1148 195 1209; x_wconf 81' lang='lat' dir='ltr'><strong>&#39;tab</strong></span> <span class='ocrx_word' id='word_1_72' title='bbox 223 1148 347 1208; x_wconf 90' lang='lat' dir='ltr'><strong>urbibus</strong></span> <span class='ocrx_word' id='word_1_73' title='bbox 375 1151 486 1209; x_wconf 88' lang='lat' dir='ltr'><strong>nostris</strong></span> <span class='ocrx_word' id='word_1_74' title='bbox 515 1148 691 1227; x_wconf 85' lang='lat' dir='ltr'><strong>populisque</strong></span> <span class='ocrx_word' id='word_1_75' title='bbox 716 1148 862 1207; x_wconf 88' lang='lat' dir='ltr'><strong>descitum</strong></span> <span class='ocrx_word' id='word_1_76' title='bbox 887 1156 940 1207; x_wconf 94' lang='lat' dir='ltr'><strong>est.</strong></span> <span class='ocrx_word' id='word_1_77' title='bbox 987 1147 1101 1227; x_wconf 84' lang='lat' dir='ltr'><strong>aderat,</strong></span> <span class='ocrx_word' id='word_1_78' title='bbox 1129 1151 1211 1208; x_wconf 83' lang='lat' dir='ltr'><strong>in-10</strong></span> 
     </span>
     <span class='ocr_line' id='line_1_12' title="bbox 159 1236 1173 1317; baseline 0 -21"><span class='ocrx_word' id='word_1_79' title='bbox 159 1236 263 1317; x_wconf 88' lang='lat' dir='ltr'><strong>stabat,</strong></span> <span class='ocrx_word' id='word_1_80' title='bbox 287 1239 407 1297; x_wconf 84' lang='lat' dir='ltr'><strong>saevitia</strong></span> <span class='ocrx_word' id='word_1_81' title='bbox 431 1239 515 1316; x_wconf 91' lang='lat' dir='ltr'><strong>quasi</strong></span> <span class='ocrx_word' id='word_1_82' title='bbox 539 1239 646 1297; x_wconf 91' lang='lat' dir='ltr'><strong>virtute</strong></span> <span class='ocrx_word' id='word_1_83' title='bbox 670 1236 817 1297; x_wconf 90' lang='lat' dir='ltr'><strong>utebatur.</strong></span> <span class='ocrx_word' id='word_1_84' title='bbox 854 1254 923 1296; x_wconf 94' lang='lat' dir='ltr'><strong>nam</strong></span> <span class='ocrx_word' id='word_1_85' title='bbox 947 1237 1018 1315; x_wconf 94' lang='lat' dir='ltr'><strong>quid</strong></span> <span class='ocrx_word' id='word_1_86' title='bbox 1042 1239 1173 1297; x_wconf 91' lang='lat' dir='ltr'><strong>atrocius</strong></span> 
     </span>
     <span class='ocr_line' id='line_1_13' title="bbox 158 1324 1172 1406; baseline -0.001 -20"><span class='ocrx_word' id='word_1_87' title='bbox 158 1344 217 1386; x_wconf 93' lang='lat' dir='ltr'><strong>uno</strong></span> <span class='ocrx_word' id='word_1_88' title='bbox 242 1328 306 1386; x_wconf 92' lang='lat' dir='ltr'><strong>eius</strong></span> <span class='ocrx_word' id='word_1_89' title='bbox 331 1326 440 1406; x_wconf 78' lang='lat' dir='ltr'><strong>edicto,</strong></span> <span class='ocrx_word' id='word_1_90' title='bbox 464 1344 531 1386; x_wconf 90' lang='lat' dir='ltr'><strong>cum</strong></span> <span class='ocrx_word' id='word_1_91' title='bbox 556 1344 658 1385; x_wconf 92' lang='lat' dir='ltr'><strong>omnes</strong></span> <span class='ocrx_word' id='word_1_92' title='bbox 682 1327 788 1404; x_wconf 93' lang='lat' dir='ltr'><strong>quiin</strong></span> <span class='ocrx_word' id='word_1_93' title='bbox 811 1324 879 1384; x_wconf 92' lang='lat' dir='ltr'><strong>Asia</strong></span> <span class='ocrx_word' id='word_1_94' title='bbox 902 1325 1000 1385; x_wconf 87' lang='lat' dir='ltr'><strong>forent</strong></span> <span class='ocrx_word' id='word_1_95' title='bbox 1023 1324 1172 1385; x_wconf 88' lang='lat' dir='ltr'><strong>Romanae</strong></span> 
     </span>
     <span class='ocr_line' id='line_1_14' title="bbox 159 1409 1173 1492; baseline -0.002 -17"><span class='ocrx_word' id='word_1_96' title='bbox 159 1417 286 1475; x_wconf 87' lang='lat' dir='ltr'><strong>civitatis</strong></span> <span class='ocrx_word' id='word_1_97' title='bbox 323 1415 459 1474; x_wconf 91' lang='lat' dir='ltr'><strong>homines</strong></span> <span class='ocrx_word' id='word_1_98' title='bbox 496 1415 625 1474; x_wconf 86' lang='lat' dir='ltr'><strong>interfici</strong></span> <span class='ocrx_word' id='word_1_99' title='bbox 661 1409 770 1473; x_wconf 82' lang='lat' dir='ltr'><strong>iussit?</strong></span> <span class='ocrx_word' id='word_1_100' title='bbox 811 1420 875 1473; x_wconf 93' lang='lat' dir='ltr'><strong>tum</strong></span> <span class='ocrx_word' id='word_1_101' title='bbox 913 1414 1033 1492; x_wconf 93' lang='lat' dir='ltr'><strong>quidem</strong></span> <span class='ocrx_word' id='word_1_102' title='bbox 1065 1413 1173 1473; x_wconf 92' lang='lat' dir='ltr'><strong>domus</strong></span> 
     </span>
     <span class='ocr_line' id='line_1_15' title="bbox 157 1501 1173 1583; baseline 0 -20"><span class='ocrx_word' id='word_1_103' title='bbox 157 1503 268 1582; x_wconf 91' lang='lat' dir='ltr'><strong>templa</strong></span> <span class='ocrx_word' id='word_1_104' title='bbox 296 1511 326 1563; x_wconf 92' lang='lat' dir='ltr'><strong>et</strong></span> <span class='ocrx_word' id='word_1_105' title='bbox 353 1522 434 1583; x_wconf 83' lang='lat' dir='ltr'><strong>arae,</strong></span> <span class='ocrx_word' id='word_1_106' title='bbox 462 1504 590 1563; x_wconf 90' lang='lat' dir='ltr'><strong>humana</strong></span> <span class='ocrx_word' id='word_1_107' title='bbox 618 1504 717 1561; x_wconf 89' lang='lat' dir='ltr'><strong>omnia</strong></span> <span class='ocrx_word' id='word_1_108' title='bbox 745 1509 832 1580; x_wconf 91' lang='lat' dir='ltr'><strong>atque</strong></span> <span class='ocrx_word' id='word_1_109' title='bbox 856 1503 954 1562; x_wconf 89' lang='lat' dir='ltr'><strong>divina</strong></span> <span class='ocrx_word' id='word_1_110' title='bbox 977 1504 1042 1562; x_wconf 92' lang='lat' dir='ltr'><strong>iura</strong></span> <span class='ocrx_word' id='word_1_111' title='bbox 1065 1501 1173 1563; x_wconf 86' lang='lat' dir='ltr'><strong>violata</strong></span> 
     </span>
     <span class='ocr_line' id='line_1_16' title="bbox 123 1590 1211 1670; baseline 0.001 -19"><span class='ocrx_word' id='word_1_112' title='bbox 123 1604 139 1651; x_wconf 83' lang='lat'>8</span> <span class='ocrx_word' id='word_1_113' title='bbox 159 1600 235 1652; x_wconf 91' lang='lat' dir='ltr'><strong>sunt.</strong></span> <span class='ocrx_word' id='word_1_114' title='bbox 274 1593 326 1653; x_wconf 94' lang='lat' dir='ltr'><strong>sed</strong></span> <span class='ocrx_word' id='word_1_115' title='bbox 345 1594 393 1652; x_wconf 93' lang='lat' dir='ltr'><strong>hic</strong></span> <span class='ocrx_word' id='word_1_116' title='bbox 412 1600 510 1652; x_wconf 89' lang='lat' dir='ltr'><strong>terror</strong></span> <span class='ocrx_word' id='word_1_117' title='bbox 524 1592 609 1651; x_wconf 90' lang='lat' dir='ltr'><strong>Asiae</strong></span> <span class='ocrx_word' id='word_1_118' title='bbox 624 1591 774 1668; x_wconf 88' lang='lat' dir='ltr'><strong>Europam</strong></span> <span class='ocrx_word' id='word_1_119' title='bbox 793 1609 911 1669; x_wconf 90' lang='lat' dir='ltr'><strong>quoque</strong></span> <span class='ocrx_word' id='word_1_120' title='bbox 930 1593 994 1668; x_wconf 85' lang='lat' dir='ltr'><strong>regi</strong></span> <span class='ocrx_word' id='word_1_121' title='bbox 1011 1590 1211 1670; x_wconf 78' lang='lat' dir='ltr'><strong>aperiebat.1⁵</strong></span> 
     </span>
     <span class='ocr_line' id='line_1_17' title="bbox 157 1679 1173 1759; baseline -0.002 -18"><span class='ocrx_word' id='word_1_122' title='bbox 157 1684 257 1759; x_wconf 90' lang='lat' dir='ltr'><strong>itaque</strong></span> <span class='ocrx_word' id='word_1_123' title='bbox 285 1684 385 1741; x_wconf 91' lang='lat' dir='ltr'><strong>missis</strong></span> <span class='ocrx_word' id='word_1_124' title='bbox 413 1681 555 1741; x_wconf 77' lang='lat' dir='ltr'><strong>Archelao</strong></span> <span class='ocrx_word' id='word_1_125' title='bbox 580 1679 832 1759; x_wconf 85' lang='lat' dir='ltr'><strong>Neoptolemoque</strong></span> <span class='ocrx_word' id='word_1_126' title='bbox 860 1679 1018 1758; x_wconf 89' lang='lat' dir='ltr'><strong>praelectis</strong></span> <span class='ocrx_word' id='word_1_127' title='bbox 1048 1688 1173 1758; x_wconf 83' lang='lat' dir='ltr'><strong>excepta</strong></span> 
     </span>
     <span class='ocr_line' id='line_1_18' title="bbox 157 1766 1172 1851; baseline 0.001 -23"><span class='ocrx_word' id='word_1_128' title='bbox 157 1769 274 1851; x_wconf 79' lang='lat' dir='ltr'><strong>Rhodo,</strong></span> <span class='ocrx_word' id='word_1_129' title='bbox 307 1789 382 1849; x_wconf 94' lang='lat' dir='ltr'><strong>quae</strong></span> <span class='ocrx_word' id='word_1_130' title='bbox 414 1789 469 1849; x_wconf 92' lang='lat' dir='ltr'><strong>pro</strong></span> <span class='ocrx_word' id='word_1_131' title='bbox 497 1768 583 1829; x_wconf 89' lang='lat' dir='ltr'><strong>nobis</strong></span> <span class='ocrx_word' id='word_1_132' title='bbox 611 1771 726 1828; x_wconf 87' lang='lat' dir='ltr'><strong>firmius</strong></span> <span class='ocrx_word' id='word_1_133' title='bbox 755 1769 850 1848; x_wconf 78' lang='lat' dir='ltr'><strong>stetit,</strong></span> <span class='ocrx_word' id='word_1_134' title='bbox 884 1774 1001 1828; x_wconf 86' lang='lat' dir='ltr'><strong>ceterae</strong></span> <span class='ocrx_word' id='word_1_135' title='bbox 1029 1766 1172 1846; x_wconf 78' lang='lat' dir='ltr'><strong>Cyclades</strong></span> 
     </span>
     <span class='ocr_line' id='line_1_19' title="bbox 157 1855 1171 1937; baseline 0.001 -21"><span class='ocrx_word' id='word_1_136' title='bbox 157 1857 244 1918; x_wconf 85' lang='lat' dir='ltr'><strong>Delos</strong></span> <span class='ocrx_word' id='word_1_137' title='bbox 263 1857 383 1918; x_wconf 86' lang='lat' dir='ltr'><strong>Euboea</strong></span> <span class='ocrx_word' id='word_1_138' title='bbox 403 1865 432 1918; x_wconf 94' lang='lat' dir='ltr'><strong>et</strong></span> <span class='ocrx_word' id='word_1_139' title='bbox 450 1861 549 1937; x_wconf 90' lang='lat' dir='ltr'><strong>ipsum</strong></span> <span class='ocrx_word' id='word_1_140' title='bbox 569 1857 709 1918; x_wconf 86' lang='lat' dir='ltr'><strong>Graeciae</strong></span> <span class='ocrx_word' id='word_1_141' title='bbox 729 1857 819 1916; x_wconf 86' lang='lat' dir='ltr'><strong>decus</strong></span> <span class='ocrx_word' id='word_1_142' title='bbox 834 1856 965 1916; x_wconf 77' lang='lat' dir='ltr'><strong>Athenae</strong></span> <span class='ocrx_word' id='word_1_143' title='bbox 983 1855 1171 1917; x_wconf 90' lang='lat' dir='ltr'><strong>tenebantur.</strong></span> 
     </span>
     <span class='ocr_line' id='line_1_20' title="bbox 122 1944 1172 2025; baseline 0 -19"><span class='ocrx_word' id='word_1_144' title='bbox 122 1945 271 2006; x_wconf 74' lang='lat' dir='ltr'><strong>tltaliam</strong></span> <span class='ocrx_word' id='word_1_145' title='bbox 303 1949 362 2006; x_wconf 90' lang='lat' dir='ltr'><strong>iam</strong></span> <span class='ocrx_word' id='word_1_146' title='bbox 394 1949 547 2025; x_wconf 89' lang='lat' dir='ltr'><strong>ipsamque</strong></span> <span class='ocrx_word' id='word_1_147' title='bbox 581 1945 686 2006; x_wconf 93' lang='lat' dir='ltr'><strong>urbem</strong></span> <span class='ocrx_word' id='word_1_148' title='bbox 713 1944 837 2005; x_wconf 87' lang='lat' dir='ltr'><strong>Romam</strong></span> <span class='ocrx_word' id='word_1_149' title='bbox 864 1947 966 2024; x_wconf 85' lang='lat' dir='ltr'><strong>regius</strong></span> <span class='ocrx_word' id='word_1_150' title='bbox 992 1952 1093 2005; x_wconf 90' lang='lat' dir='ltr'><strong>terror</strong></span> <span class='ocrx_word' id='word_1_151' title='bbox 1121 1947 1172 2006; x_wconf 92' lang='lat' dir='ltr'><strong>ad-</strong></span> 
     </span>
     <span class='ocr_line' id='line_1_21' title="bbox 157 2033 1211 2114; baseline 0.001 -21"><span class='ocrx_word' id='word_1_152' title='bbox 157 2033 254 2094; x_wconf 86' lang='lat' dir='ltr'><strong>flabat.</strong></span> <span class='ocrx_word' id='word_1_153' title='bbox 300 2037 399 2113; x_wconf 92' lang='lat' dir='ltr'><strong>itaque</strong></span> <span class='ocrx_word' id='word_1_154' title='bbox 423 2034 454 2094; x_wconf 88' lang='lat' dir='ltr'><strong>L.</strong></span> <span class='ocrx_word' id='word_1_155' title='bbox 476 2034 553 2112; x_wconf 79' lang='lat' dir='ltr'><strong>Sylla</strong></span> <span class='ocrx_word' id='word_1_156' title='bbox 581 2036 713 2114; x_wconf 81' lang='lat' dir='ltr'><strong>festinat,</strong></span> <span class='ocrx_word' id='word_1_157' title='bbox 741 2035 786 2093; x_wconf 88' lang='lat' dir='ltr'><strong>vir</strong></span> <span class='ocrx_word' id='word_1_158' title='bbox 810 2036 900 2094; x_wconf 92' lang='lat' dir='ltr'><strong>armis</strong></span> <span class='ocrx_word' id='word_1_159' title='bbox 924 2035 1066 2114; x_wconf 86' lang='lat' dir='ltr'><strong>optimus,</strong></span> <span class='ocrx_word' id='word_1_160' title='bbox 1091 2037 1172 2112; x_wconf 90' lang='lat' dir='ltr'><strong>pari·</strong></span> <span class='ocrx_word' id='word_1_161' title='bbox 1187 2047 1211 2086; x_wconf 76' lang='lat'><strong>20</strong></span> 
     </span>
     <span class='ocr_line' id='line_1_22' title="bbox 158 2121 1172 2202; baseline 0.003 -21"><span class='ocrx_word' id='word_1_162' title='bbox 158 2140 215 2199; x_wconf 92' lang='lat' dir='ltr'><strong>que</strong></span> <span class='ocrx_word' id='word_1_163' title='bbox 239 2122 377 2182; x_wconf 92' lang='lat' dir='ltr'><strong>violentia</strong></span> <span class='ocrx_word' id='word_1_164' title='bbox 396 2131 534 2182; x_wconf 88' lang='lat' dir='ltr'><strong>ruentem</strong></span> <span class='ocrx_word' id='word_1_165' title='bbox 552 2121 679 2182; x_wconf 91' lang='lat' dir='ltr'><strong>ulterius</strong></span> <span class='ocrx_word' id='word_1_166' title='bbox 697 2123 813 2183; x_wconf 92' lang='lat' dir='ltr'><strong>hostem</strong></span> <span class='ocrx_word' id='word_1_167' title='bbox 833 2123 958 2202; x_wconf 88' lang='lat' dir='ltr'><strong>quadam</strong></span> <span class='ocrx_word' id='word_1_168' title='bbox 977 2125 1062 2201; x_wconf 91' lang='lat' dir='ltr'><strong>quasi</strong></span> <span class='ocrx_word' id='word_1_169' title='bbox 1080 2141 1172 2184; x_wconf 94' lang='lat' dir='ltr'><strong>manu</strong></span> 
     </span>
    </p>

    <p class='ocr_par' dir='ltr' id='par_1_5' title="bbox 107 2208 1171 2468">
     <span class='ocr_line' id='line_1_23' title="bbox 107 2208 1171 2290; baseline 0.003 -20"><span class='ocrx_word' id='word_1_170' title='bbox 107 2222 139 2270; x_wconf 87' lang='lat'><strong>10</strong></span> <span class='ocrx_word' id='word_1_171' title='bbox 158 2210 296 2287; x_wconf 90' lang='lat' dir='ltr'><strong>reppulit.</strong></span> <span class='ocrx_word' id='word_1_172' title='bbox 333 2212 522 2290; x_wconf 92' lang='lat' dir='ltr'><strong>primumque</strong></span> <span class='ocrx_word' id='word_1_173' title='bbox 542 2210 670 2271; x_wconf 82' lang='lat' dir='ltr'><strong>Athenas</strong></span> <span class='ocrx_word' id='word_1_174' title='bbox 689 2210 795 2271; x_wconf 92' lang='lat' dir='ltr'><strong>urbem</strong></span> <span class='ocrx_word' id='word_1_175' title='bbox 810 2245 852 2254; x_wconf 90' lang='lat'>-</span> <span class='ocrx_word' id='word_1_176' title='bbox 868 2213 934 2290; x_wconf 94' lang='lat' dir='ltr'><strong>quis</strong></span> <span class='ocrx_word' id='word_1_177' title='bbox 954 2208 1113 2273; x_wconf 81' lang='lat' dir='ltr'><strong>crederet?</strong></span> <span class='ocrx_word' id='word_1_178' title='bbox 1128 2246 1171 2255; x_wconf 87' lang='lat'>—</span> 
     </span>
     <span class='ocr_line' id='line_1_24' title="bbox 157 2298 1171 2380; baseline 0.006 -24"><span class='ocrx_word' id='word_1_179' title='bbox 157 2298 276 2374; x_wconf 83' lang='lat' dir='ltr'><strong>frugum</strong></span> <span class='ocrx_word' id='word_1_180' title='bbox 303 2307 471 2380; x_wconf 78' lang='lat' dir='ltr'><strong>parentem,</strong></span> <span class='ocrx_word' id='word_1_181' title='bbox 500 2299 654 2359; x_wconf 91' lang='lat' dir='ltr'><strong>obsidione</strong></span> <span class='ocrx_word' id='word_1_182' title='bbox 682 2319 716 2360; x_wconf 88' lang='lat' dir='ltr'><strong>ac</strong></span> <span class='ocrx_word' id='word_1_183' title='bbox 744 2301 820 2360; x_wconf 89' lang='lat' dir='ltr'><strong>lame</strong></span> <span class='ocrx_word' id='word_1_184' title='bbox 850 2301 885 2361; x_wconf 92' lang='lat' dir='ltr'><strong>ad</strong></span> <span class='ocrx_word' id='word_1_185' title='bbox 913 2300 1059 2361; x_wconf 89' lang='lat' dir='ltr'><strong>humanos</strong></span> <span class='ocrx_word' id='word_1_186' title='bbox 1087 2300 1171 2362; x_wconf 92' lang='lat' dir='ltr'><strong>cibos</strong></span> 
     </span>
     <span class='ocr_line' id='line_1_25' title="bbox 158 2385 1170 2468; baseline 0.005 -23"><span class='ocrx_word' id='word_1_187' title='bbox 158 2385 302 2465; x_wconf 81' lang='lat' dir='ltr'><strong>conpulit3</strong></span> <span class='ocrx_word' id='word_1_188' title='bbox 340 2405 408 2447; x_wconf 85' lang='lat' dir='ltr'><strong>mox</strong></span> <span class='ocrx_word' id='word_1_189' title='bbox 445 2387 588 2448; x_wconf 92' lang='lat' dir='ltr'><strong>subrutus</strong></span> <span class='ocrx_word' id='word_1_190' title='bbox 621 2388 718 2449; x_wconf 89' lang='lat' dir='ltr'><strong>Piraei</strong></span> <span class='ocrx_word' id='word_1_191' title='bbox 754 2396 858 2468; x_wconf 92' lang='lat' dir='ltr'><strong>portus</strong></span> <span class='ocrx_word' id='word_1_192' title='bbox 896 2408 948 2450; x_wconf 84' lang='lat' dir='ltr'><strong>sex</strong></span> <span class='ocrx_word' id='word_1_193' title='bbox 981 2395 1011 2449; x_wconf 93' lang='lat' dir='ltr'><strong>et</strong></span> <span class='ocrx_word' id='word_1_194' title='bbox 1042 2389 1170 2467; x_wconf 92' lang='lat' dir='ltr'><strong>amplius</strong></span> 
     </span>
    </p>
   </div>
   <div class='ocr_carea' id='block_1_3' title="bbox 142 2556 1171 3626">
    <p class='ocr_par' dir='ltr' id='par_1_6' title="bbox 142 2556 1171 3626">
     <span class='ocr_line' id='line_1_26' title="bbox 230 2556 1170 2629; baseline 0.004 -19"><span class='ocrx_word' id='word_1_195' title='bbox 230 2563 242 2610; x_wconf 87' lang='lat'>1</span> <span class='ocrx_word' id='word_1_196' title='bbox 263 2556 408 2628; x_wconf 81' lang='lat' dir='ltr'><strong>fraglabat</strong></span> <span class='ocrx_word' id='word_1_197' title='bbox 426 2558 460 2611; x_wconf 91' lang='lat' dir='ltr'><em>N</em></span> <span class='ocrx_word' id='word_1_198' title='bbox 479 2561 483 2627; x_wconf 84' lang='grc' dir='ltr'>Ι</span> <span class='ocrx_word' id='word_1_199' title='bbox 506 2559 615 2613; x_wconf 77' lang='lat' dir='ltr'><strong>dabant</strong></span> <span class='ocrx_word' id='word_1_200' title='bbox 634 2562 663 2629; x_wconf 92' lang='lat' dir='ltr'><strong>(n</strong></span> <span class='ocrx_word' id='word_1_201' title='bbox 680 2577 767 2628; x_wconf 80' lang='lat' dir='ltr'><strong>supra</strong></span> <span class='ocrx_word' id='word_1_202' title='bbox 784 2562 900 2628; x_wconf 74' lang='lat' dir='ltr'><strong>versum)</strong></span> <span class='ocrx_word' id='word_1_203' title='bbox 918 2560 947 2614; x_wconf 93' lang='grc' dir='ltr'>Β</span> <span class='ocrx_word' id='word_1_204' title='bbox 968 2560 978 2628; x_wconf 80' lang='grc' dir='ltr'><strong>ΙΙ</strong></span> <span class='ocrx_word' id='word_1_205' title='bbox 1001 2565 1017 2612; x_wconf 76' lang='grc'><em>9</em></span> <span class='ocrx_word' id='word_1_206' title='bbox 1038 2559 1170 2614; x_wconf 87' lang='lat' dir='ltr'><strong>ciuilibus</strong></span> 
     </span>
     <span class='ocr_line' id='line_1_27' title="bbox 157 2627 1169 2713; baseline 0.006 -33"><span class='ocrx_word' id='word_1_207' title='bbox 157 2627 188 2697; x_wconf 89' lang='lat' dir='ltr'><strong>(li</strong></span> <span class='ocrx_word' id='word_1_208' title='bbox 207 2645 267 2698; x_wconf 79' lang='lat' dir='ltr'><strong>sup.</strong></span> <span class='ocrx_word' id='word_1_209' title='bbox 282 2646 348 2685; x_wconf 79' lang='lat' dir='ltr'><strong>vers.</strong></span> <span class='ocrx_word' id='word_1_210' title='bbox 363 2647 397 2685; x_wconf 81' lang='lat' dir='ltr'><strong>m.</strong></span> <span class='ocrx_word' id='word_1_211' title='bbox 415 2632 440 2699; x_wconf 87' lang='lat'><strong>1)</strong></span> <span class='ocrx_word' id='word_1_212' title='bbox 455 2632 483 2684; x_wconf 97' lang='grc' dir='ltr'><strong><em>Β</em></strong></span> <span class='ocrx_word' id='word_1_213' title='bbox 500 2631 503 2698; x_wconf 92' lang='grc' dir='ltr'>Ι</span> <span class='ocrx_word' id='word_1_214' title='bbox 520 2629 756 2700; x_wconf 82' lang='lat' dir='ltr'><strong>destringeremur</strong></span> <span class='ocrx_word' id='word_1_215' title='bbox 768 2631 796 2683; x_wconf 90' lang='grc' dir='ltr'><strong><em>Β</em></strong></span> <span class='ocrx_word' id='word_1_216' title='bbox 815 2629 1040 2700; x_wconf 86' lang='lat' dir='ltr'><strong>disiungeremur</strong></span> <span class='ocrx_word' id='word_1_217' title='bbox 1055 2633 1169 2713; x_wconf 67' lang='grc'>(33331).</span> 
     </span>
     <span class='ocr_line' id='line_1_28' title="bbox 156 2699 1171 2772; baseline 0.003 -19"><span class='ocrx_word' id='word_1_218' title='bbox 156 2717 221 2755; x_wconf 80' lang='lat' dir='ltr'><strong>cers.</strong></span> <span class='ocrx_word' id='word_1_219' title='bbox 246 2718 280 2754; x_wconf 81' lang='lat' dir='ltr'><strong>ra.</strong></span> <span class='ocrx_word' id='word_1_220' title='bbox 304 2704 331 2770; x_wconf 89' lang='lat'><strong>1)</strong></span> <span class='ocrx_word' id='word_1_221' title='bbox 355 2701 389 2755; x_wconf 91' lang='lat' dir='ltr'><strong><em>N</em></strong></span> <span class='ocrx_word' id='word_1_222' title='bbox 408 2700 632 2772; x_wconf 83' lang='lat' dir='ltr'><strong>disiungeremur</strong></span> <span class='ocrx_word' id='word_1_223' title='bbox 654 2702 681 2755; x_wconf 98' lang='lat' dir='ltr'><strong><em>L</em></strong></span> <span class='ocrx_word' id='word_1_224' title='bbox 703 2704 712 2770; x_wconf 82' lang='grc' dir='ltr'><strong>Ι)</strong></span> <span class='ocrx_word' id='word_1_225' title='bbox 735 2707 751 2754; x_wconf 88' lang='grc'>3</span> <span class='ocrx_word' id='word_1_226' title='bbox 774 2700 850 2755; x_wconf 85' lang='grc'>13133</span> <span class='ocrx_word' id='word_1_227' title='bbox 873 2699 985 2771; x_wconf 87' lang='lat' dir='ltr'><strong>imperii</strong></span> <span class='ocrx_word' id='word_1_228' title='bbox 1007 2702 1035 2756; x_wconf 93' lang='grc' dir='ltr'><strong><em>Β</em></strong></span> <span class='ocrx_word' id='word_1_229' title='bbox 1058 2701 1171 2772; x_wconf 88' lang='lat' dir='ltr'><strong>1mperii</strong></span> 
     </span>
     <span class='ocr_line' id='line_1_29' title="bbox 156 2771 1171 2842; baseline 0.002 -17"><span class='ocrx_word' id='word_1_230' title='bbox 156 2772 267 2839; x_wconf 75' lang='lat' dir='ltr'><strong>(ultima</strong></span> <span class='ocrx_word' id='word_1_231' title='bbox 289 2771 300 2824; x_wconf 91' lang='lat' dir='ltr'><strong>i</strong></span> <span class='ocrx_word' id='word_1_232' title='bbox 317 2789 377 2841; x_wconf 77' lang='lat' dir='ltr'><strong>sep.</strong></span> <span class='ocrx_word' id='word_1_233' title='bbox 401 2790 467 2828; x_wconf 80' lang='lat' dir='ltr'><strong>cers.</strong></span> <span class='ocrx_word' id='word_1_234' title='bbox 487 2791 521 2826; x_wconf 83' lang='lat' dir='ltr'><strong>m.</strong></span> <span class='ocrx_word' id='word_1_235' title='bbox 540 2772 716 2841; x_wconf 71' lang='grc'>2)]313311</span> <span class='ocrx_word' id='word_1_236' title='bbox 730 2771 842 2842; x_wconf 78' lang='lat' dir='ltr'><strong>imperii</strong></span> <span class='ocrx_word' id='word_1_237' title='bbox 859 2772 935 2826; x_wconf 85' lang='lat' dir='ltr'><strong>latus</strong></span> <span class='ocrx_word' id='word_1_238' title='bbox 954 2772 982 2826; x_wconf 89' lang='lat' dir='ltr'><strong><em>L</em></strong></span> <span class='ocrx_word' id='word_1_239' title='bbox 1006 2775 1010 2842; x_wconf 88' lang='grc' dir='ltr'>Ι</span> <span class='ocrx_word' id='word_1_240' title='bbox 1035 2771 1171 2827; x_wconf 80' lang='lat' dir='ltr'><strong>Ptoculus</strong></span> 
     </span>
     <span class='ocr_line' id='line_1_30' title="bbox 157 2843 1171 2913; baseline 0.001 -18"><span class='ocrx_word' id='word_1_241' title='bbox 157 2843 199 2909; x_wconf 90' lang='lat' dir='ltr'><strong>(us</strong></span> <span class='ocrx_word' id='word_1_242' title='bbox 223 2859 309 2911; x_wconf 78' lang='lat' dir='ltr'><strong>supra</strong></span> <span class='ocrx_word' id='word_1_243' title='bbox 328 2860 435 2898; x_wconf 81' lang='lat' dir='ltr'><strong>cereum</strong></span> <span class='ocrx_word' id='word_1_244' title='bbox 452 2861 486 2898; x_wconf 83' lang='lat' dir='ltr'><strong>m.</strong></span> <span class='ocrx_word' id='word_1_245' title='bbox 507 2845 533 2911; x_wconf 84' lang='lat'><strong>1)</strong></span> <span class='ocrx_word' id='word_1_246' title='bbox 553 2845 581 2897; x_wconf 93' lang='grc' dir='ltr'><strong><em>Β</em></strong></span> <span class='ocrx_word' id='word_1_247' title='bbox 606 2847 609 2913; x_wconf 89' lang='grc' dir='ltr'>Ι</span> <span class='ocrx_word' id='word_1_248' title='bbox 636 2843 708 2910; x_wconf 84' lang='lat' dir='ltr'><strong>sylla</strong></span> <span class='ocrx_word' id='word_1_249' title='bbox 728 2845 819 2912; x_wconf 76' lang='lat' dir='ltr'><strong>(prior</strong></span> <span class='ocrx_word' id='word_1_250' title='bbox 836 2843 847 2896; x_wconf 95' lang='lat' dir='ltr'><strong>l</strong></span> <span class='ocrx_word' id='word_1_251' title='bbox 865 2862 899 2897; x_wconf 85' lang='lat' dir='ltr'><strong>m.</strong></span> <span class='ocrx_word' id='word_1_252' title='bbox 920 2849 935 2898; x_wconf 89' lang='lat'><strong><em>1</em></strong></span> <span class='ocrx_word' id='word_1_253' title='bbox 955 2847 1171 2912; x_wconf 67' lang='lat' dir='ltr'><strong>coerceatur)</strong></span> 
     </span>
     <span class='ocr_line' id='line_1_31' title="bbox 156 2912 1170 2984; baseline 0.001 -18"><span class='ocrx_word' id='word_1_254' title='bbox 156 2912 190 2966; x_wconf 90' lang='lat' dir='ltr'><em>N</em></span> <span class='ocrx_word' id='word_1_255' title='bbox 200 2915 240 2982; x_wconf 75' lang='grc'><strong>((4</strong></span> <span class='ocrx_word' id='word_1_256' title='bbox 259 2930 290 2967; x_wconf 85' lang='grc'><strong>33</strong></span> <span class='ocrx_word' id='word_1_257' title='bbox 309 2914 336 2967; x_wconf 89' lang='lat' dir='ltr'><strong><em>L</em></strong></span> <span class='ocrx_word' id='word_1_258' title='bbox 349 2918 358 2980; x_wconf 88' lang='grc'>)</span> <span class='ocrx_word' id='word_1_259' title='bbox 373 2920 389 2967; x_wconf 88' lang='grc'>6</span> <span class='ocrx_word' id='word_1_260' title='bbox 409 2913 550 2967; x_wconf 82' lang='lat' dir='ltr'><strong>districtos</strong></span> <span class='ocrx_word' id='word_1_261' title='bbox 570 2916 718 2983; x_wconf 78' lang='lat' dir='ltr'><strong>(posterior</strong></span> <span class='ocrx_word' id='word_1_262' title='bbox 736 2931 749 2967; x_wconf 92' lang='lat' dir='ltr'><strong>s</strong></span> <span class='ocrx_word' id='word_1_263' title='bbox 768 2916 856 2983; x_wconf 79' lang='lat' dir='ltr'><strong>eraso)</strong></span> <span class='ocrx_word' id='word_1_264' title='bbox 870 2915 918 2984; x_wconf 89' lang='grc' dir='ltr'><strong>Β)</strong></span> <span class='ocrx_word' id='word_1_265' title='bbox 939 2914 986 2969; x_wconf 87' lang='grc'><strong>331</strong></span> <span class='ocrx_word' id='word_1_266' title='bbox 1004 2913 1071 2968; x_wconf 86' lang='grc'>31111</span> <span class='ocrx_word' id='word_1_267' title='bbox 1089 2915 1118 2968; x_wconf 92' lang='grc' dir='ltr'><strong><em>Β</em></strong></span> <span class='ocrx_word' id='word_1_268' title='bbox 1130 2917 1170 2984; x_wconf 78' lang='grc'><strong>(17</strong></span> 
     </span>
     <span class='ocr_line' id='line_1_32' title="bbox 156 2985 1171 3054; baseline 0.002 -17"><span class='ocrx_word' id='word_1_269' title='bbox 156 2985 319 3053; x_wconf 87' lang='lat' dir='ltr'><strong>spectacula</strong></span> <span class='ocrx_word' id='word_1_270' title='bbox 337 2987 394 3053; x_wconf 88' lang='grc'>(313</span> <span class='ocrx_word' id='word_1_271' title='bbox 412 2987 549 3052; x_wconf 73' lang='lat' dir='ltr'><strong>expunxit</strong></span> <span class='ocrx_word' id='word_1_272' title='bbox 565 3003 600 3039; x_wconf 86' lang='lat' dir='ltr'><strong>m.</strong></span> <span class='ocrx_word' id='word_1_273' title='bbox 619 2989 647 3054; x_wconf 81' lang='lat'><strong>2)</strong></span> <span class='ocrx_word' id='word_1_274' title='bbox 667 2986 701 3038; x_wconf 90' lang='lat' dir='ltr'><strong><em>N</em></strong></span> <span class='ocrx_word' id='word_1_275' title='bbox 720 2987 729 3054; x_wconf 90' lang='grc' dir='ltr'><strong>Ι)</strong></span> <span class='ocrx_word' id='word_1_276' title='bbox 752 2991 768 3039; x_wconf 90' lang='lat'>8</span> <span class='ocrx_word' id='word_1_277' title='bbox 785 2985 948 3054; x_wconf 85' lang='lat' dir='ltr'><strong>bythiniam</strong></span> <span class='ocrx_word' id='word_1_278' title='bbox 966 2986 994 3040; x_wconf 97' lang='grc' dir='ltr'><strong><em>Β</em></strong></span> <span class='ocrx_word' id='word_1_279' title='bbox 1016 2985 1171 3039; x_wconf 84' lang='lat' dir='ltr'><strong>bithiniam</strong></span> 
     </span>
     <span class='ocr_line' id='line_1_33' title="bbox 155 3055 1170 3126; baseline 0.001 -18"><span class='ocrx_word' id='word_1_280' title='bbox 155 3055 183 3108; x_wconf 92' lang='lat' dir='ltr'><strong><em>L</em></strong></span> <span class='ocrx_word' id='word_1_281' title='bbox 196 3057 205 3123; x_wconf 85' lang='grc' dir='ltr'><strong>Ι)</strong></span> <span class='ocrx_word' id='word_1_282' title='bbox 222 3061 252 3108; x_wconf 80' lang='grc'><strong>12</strong></span> <span class='ocrx_word' id='word_1_283' title='bbox 272 3057 305 3108; x_wconf 88' lang='grc'><strong>31</strong></span> <span class='ocrx_word' id='word_1_284' title='bbox 323 3072 419 3109; x_wconf 88' lang='lat' dir='ltr'><strong>omnes</strong></span> <span class='ocrx_word' id='word_1_285' title='bbox 433 3056 467 3110; x_wconf 91' lang='lat' dir='ltr'><strong><em>N</em></strong></span> <span class='ocrx_word' id='word_1_286' title='bbox 479 3055 643 3124; x_wconf 71' lang='lat' dir='ltr'><strong>{romaniae</strong></span> <span class='ocrx_word' id='word_1_287' title='bbox 656 3056 684 3108; x_wconf 90' lang='grc' dir='ltr'><strong><em>Β</em></strong></span> <span class='ocrx_word' id='word_1_288' title='bbox 698 3059 707 3126; x_wconf 83' lang='grc' dir='ltr'><strong>ΙΙ</strong></span> <span class='ocrx_word' id='word_1_289' title='bbox 722 3062 756 3109; x_wconf 87' lang='grc'>14</span> <span class='ocrx_word' id='word_1_290' title='bbox 775 3057 867 3124; x_wconf 86' lang='lat' dir='ltr'><strong>adque</strong></span> <span class='ocrx_word' id='word_1_291' title='bbox 881 3059 909 3111; x_wconf 91' lang='grc' dir='ltr'><strong><em>Β</em></strong></span> <span class='ocrx_word' id='word_1_292' title='bbox 923 3060 932 3126; x_wconf 81' lang='grc' dir='ltr'><strong>[Ι</strong></span> <span class='ocrx_word' id='word_1_293' title='bbox 949 3061 981 3110; x_wconf 86' lang='grc'><strong>15</strong></span> <span class='ocrx_word' id='word_1_294' title='bbox 999 3055 1079 3126; x_wconf 81' lang='lat' dir='ltr'><strong>regia</strong></span> <span class='ocrx_word' id='word_1_295' title='bbox 1096 3056 1170 3125; x_wconf 86' lang='lat' dir='ltr'><strong>peri-</strong></span> 
     </span>
     <span class='ocr_line' id='line_1_34' title="bbox 155 3125 1171 3200; baseline 0.002 -22"><span class='ocrx_word' id='word_1_296' title='bbox 155 3125 207 3178; x_wconf 86' lang='lat' dir='ltr'><strong>bat</strong></span> <span class='ocrx_word' id='word_1_297' title='bbox 221 3127 248 3179; x_wconf 94' lang='grc' dir='ltr'><strong><em>Β</em></strong></span> <span class='ocrx_word' id='word_1_298' title='bbox 262 3128 271 3196; x_wconf 89' lang='grc' dir='ltr'><strong>Ι)</strong></span> <span class='ocrx_word' id='word_1_299' title='bbox 288 3131 320 3179; x_wconf 86' lang='grc'><strong>16</strong></span> <span class='ocrx_word' id='word_1_300' title='bbox 337 3128 455 3195; x_wconf 84' lang='lat' dir='ltr'><strong>excepta</strong></span> <span class='ocrx_word' id='word_1_301' title='bbox 473 3129 501 3195; x_wconf 85' lang='lat' dir='ltr'><strong>(a</strong></span> <span class='ocrx_word' id='word_1_302' title='bbox 515 3133 635 3182; x_wconf 78' lang='lat' dir='ltr'><strong>correcto</strong></span> <span class='ocrx_word' id='word_1_303' title='bbox 648 3144 681 3181; x_wconf 81' lang='lat' dir='ltr'><strong>ex</strong></span> <span class='ocrx_word' id='word_1_304' title='bbox 694 3128 730 3196; x_wconf 90' lang='lat' dir='ltr'><strong>is)</strong></span> <span class='ocrx_word' id='word_1_305' title='bbox 743 3127 770 3179; x_wconf 92' lang='lat' dir='ltr'><strong><em>L</em></strong></span> <span class='ocrx_word' id='word_1_306' title='bbox 784 3130 794 3197; x_wconf 85' lang='grc'><strong>1)</strong></span> <span class='ocrx_word' id='word_1_307' title='bbox 808 3132 842 3181; x_wconf 79' lang='grc'><strong>17</strong></span> <span class='ocrx_word' id='word_1_308' title='bbox 861 3130 985 3182; x_wconf 85' lang='lat' dir='ltr'><strong>ceterum</strong></span> <span class='ocrx_word' id='word_1_309' title='bbox 999 3129 1033 3182; x_wconf 88' lang='lat' dir='ltr'><em>N</em></span> <span class='ocrx_word' id='word_1_310' title='bbox 1045 3129 1171 3200; x_wconf 71' lang='lat' dir='ltr'><strong>ceterum</strong></span> 
     </span>
     <span class='ocr_line' id='line_1_35' title="bbox 156 3197 1171 3269; baseline 0.002 -19"><span class='ocrx_word' id='word_1_311' title='bbox 156 3197 184 3250; x_wconf 92' lang='lat' dir='ltr'><strong><em>L</em></strong></span> <span class='ocrx_word' id='word_1_312' title='bbox 205 3199 214 3266; x_wconf 76' lang='grc' dir='ltr'><strong>(Ι</strong></span> <span class='ocrx_word' id='word_1_313' title='bbox 239 3203 272 3250; x_wconf 85' lang='grc'><strong>18</strong></span> <span class='ocrx_word' id='word_1_314' title='bbox 295 3197 441 3266; x_wconf 84' lang='lat' dir='ltr'><strong>ipsamque</strong></span> <span class='ocrx_word' id='word_1_315' title='bbox 469 3197 571 3266; x_wconf 86' lang='lat' dir='ltr'><strong>(ipsam</strong></span> <span class='ocrx_word' id='word_1_316' title='bbox 593 3215 680 3266; x_wconf 78' lang='lat' dir='ltr'><strong>supra</strong></span> <span class='ocrx_word' id='word_1_317' title='bbox 701 3215 807 3253; x_wconf 77' lang='lat' dir='ltr'><strong>berenna</strong></span> <span class='ocrx_word' id='word_1_318' title='bbox 830 3218 864 3254; x_wconf 83' lang='lat' dir='ltr'><strong>m.</strong></span> <span class='ocrx_word' id='word_1_319' title='bbox 888 3202 915 3269; x_wconf 88' lang='lat'><strong>1)</strong></span> <span class='ocrx_word' id='word_1_320' title='bbox 939 3200 973 3253; x_wconf 93' lang='lat' dir='ltr'><em>N</em></span> <span class='ocrx_word' id='word_1_321' title='bbox 991 3201 1000 3268; x_wconf 85' lang='grc' dir='ltr'><strong>ΙΙ</strong></span> <span class='ocrx_word' id='word_1_322' title='bbox 1024 3203 1058 3252; x_wconf 87' lang='grc'><strong>19</strong></span> <span class='ocrx_word' id='word_1_323' title='bbox 1080 3199 1171 3253; x_wconf 84' lang='lat' dir='ltr'><strong>terror</strong></span> 
     </span>
     <span class='ocr_line' id='line_1_36' title="bbox 157 3269 1170 3340; baseline 0.003 -20"><span class='ocrx_word' id='word_1_324' title='bbox 157 3269 249 3336; x_wconf 74' lang='lat' dir='ltr'><strong>(prior</strong></span> <span class='ocrx_word' id='word_1_325' title='bbox 266 3287 281 3321; x_wconf 86' lang='lat' dir='ltr'><strong>r</strong></span> <span class='ocrx_word' id='word_1_326' title='bbox 298 3286 384 3337; x_wconf 79' lang='lat' dir='ltr'><strong>supra</strong></span> <span class='ocrx_word' id='word_1_327' title='bbox 401 3285 507 3325; x_wconf 81' lang='lat' dir='ltr'><strong>oerswm</strong></span> <span class='ocrx_word' id='word_1_328' title='bbox 524 3287 558 3322; x_wconf 82' lang='lat' dir='ltr'><strong>m.</strong></span> <span class='ocrx_word' id='word_1_329' title='bbox 574 3271 601 3338; x_wconf 84' lang='lat'><strong>1)</strong></span> <span class='ocrx_word' id='word_1_330' title='bbox 615 3270 643 3322; x_wconf 93' lang='grc' dir='ltr'><strong><em>Β</em></strong></span> <span class='ocrx_word' id='word_1_331' title='bbox 660 3271 663 3338; x_wconf 92' lang='grc' dir='ltr'>Ι</span> <span class='ocrx_word' id='word_1_332' title='bbox 680 3269 806 3323; x_wconf 86' lang='lat' dir='ltr'><strong>adflabat</strong></span> <span class='ocrx_word' id='word_1_333' title='bbox 825 3270 849 3340; x_wconf 87' lang='lat' dir='ltr'><strong>(f</strong></span> <span class='ocrx_word' id='word_1_334' title='bbox 864 3272 896 3324; x_wconf 80' lang='lat' dir='ltr'><strong>in</strong></span> <span class='ocrx_word' id='word_1_335' title='bbox 913 3272 1025 3339; x_wconf 76' lang='lat' dir='ltr'><strong>rasura)</strong></span> <span class='ocrx_word' id='word_1_336' title='bbox 1043 3270 1071 3324; x_wconf 93' lang='grc' dir='ltr'><strong><em>Β</em></strong></span> <span class='ocrx_word' id='word_1_337' title='bbox 1091 3269 1170 3323; x_wconf 85' lang='lat' dir='ltr'><strong>affla-</strong></span> 
     </span>
     <span class='ocr_line' id='line_1_37' title="bbox 156 3338 1171 3410; baseline 0.003 -19"><span class='ocrx_word' id='word_1_338' title='bbox 156 3338 207 3391; x_wconf 86' lang='lat' dir='ltr'><strong>bat</strong></span> <span class='ocrx_word' id='word_1_339' title='bbox 221 3339 248 3392; x_wconf 93' lang='lat' dir='ltr'><strong><em>L</em></strong></span> <span class='ocrx_word' id='word_1_340' title='bbox 261 3341 270 3407; x_wconf 84' lang='grc' dir='ltr'><strong>ΙΙ</strong></span> <span class='ocrx_word' id='word_1_341' title='bbox 284 3345 319 3393; x_wconf 77' lang='lat'><strong>20</strong></span> <span class='ocrx_word' id='word_1_342' title='bbox 333 3339 398 3393; x_wconf 88' lang='grc'>31113</span> <span class='ocrx_word' id='word_1_343' title='bbox 412 3341 439 3392; x_wconf 93' lang='lat' dir='ltr'><strong><em>L</em></strong></span> <span class='ocrx_word' id='word_1_344' title='bbox 451 3342 460 3409; x_wconf 87' lang='grc' dir='ltr'><strong>Ι)</strong></span> <span class='ocrx_word' id='word_1_345' title='bbox 475 3345 507 3392; x_wconf 81' lang='lat'><strong>21</strong></span> <span class='ocrx_word' id='word_1_346' title='bbox 524 3341 624 3393; x_wconf 87' lang='lat' dir='ltr'><strong>eadem</strong></span> <span class='ocrx_word' id='word_1_347' title='bbox 637 3342 789 3409; x_wconf 70' lang='lat' dir='ltr'><strong>Hauptafus,</strong></span> <span class='ocrx_word' id='word_1_348' title='bbox 804 3347 834 3396; x_wconf 84' lang='lat' dir='ltr'><strong>at</strong></span> <span class='ocrx_word' id='word_1_349' title='bbox 846 3359 870 3396; x_wconf 83' lang='lat' dir='ltr'><strong>o.</strong></span> <span class='ocrx_word' id='word_1_350' title='bbox 885 3342 924 3395; x_wconf 90' lang='grc' dir='ltr'><strong>ΙΙ</strong></span> <span class='ocrx_word' id='word_1_351' title='bbox 933 3346 979 3410; x_wconf 85' lang='grc'><strong>13,</strong></span> <span class='ocrx_word' id='word_1_352' title='bbox 992 3345 1028 3396; x_wconf 86' lang='grc'><strong>49</strong></span> <span class='ocrx_word' id='word_1_353' title='bbox 1041 3343 1051 3409; x_wconf 79' lang='grc' dir='ltr'><strong>Ι)</strong></span> <span class='ocrx_word' id='word_1_354' title='bbox 1065 3345 1100 3394; x_wconf 76' lang='lat'><strong>22</strong></span> <span class='ocrx_word' id='word_1_355' title='bbox 1113 3340 1171 3410; x_wconf 90' lang='lat' dir='ltr'><strong>pri-</strong></span> 
     </span>
     <span class='ocr_line' id='line_1_38' title="bbox 156 3410 1171 3482; baseline 0.005 -20"><span class='ocrx_word' id='word_1_356' title='bbox 156 3412 319 3478; x_wconf 87' lang='lat' dir='ltr'><strong>mamqueB</strong></span> <span class='ocrx_word' id='word_1_357' title='bbox 333 3413 342 3479; x_wconf 89' lang='grc' dir='ltr'><strong>Ι)</strong></span> <span class='ocrx_word' id='word_1_358' title='bbox 356 3410 483 3464; x_wconf 78' lang='lat' dir='ltr'><strong>23hacB</strong></span> <span class='ocrx_word' id='word_1_359' title='bbox 497 3412 506 3479; x_wconf 87' lang='grc' dir='ltr'><strong>Ι)</strong></span> <span class='ocrx_word' id='word_1_360' title='bbox 520 3410 1075 3482; x_wconf 50' lang='grc'>9433333111111363311113)3311331333</span> <span class='ocrx_word' id='word_1_361' title='bbox 1084 3428 1171 3482; x_wconf 79' lang='lat' dir='ltr'><strong>supro</strong></span> 
     </span>
     <span class='ocr_line' id='line_1_39' title="bbox 157 3480 1170 3552; baseline 0.004 -20"><span class='ocrx_word' id='word_1_362' title='bbox 157 3482 183 3546; x_wconf 84' lang='grc' dir='ltr'><strong>ο)</strong></span> <span class='ocrx_word' id='word_1_363' title='bbox 196 3481 226 3533; x_wconf 92' lang='grc' dir='ltr'><strong><em>Β</em></strong></span> <span class='ocrx_word' id='word_1_364' title='bbox 245 3481 362 3535; x_wconf 83' lang='lat' dir='ltr'><strong>subruto</strong></span> <span class='ocrx_word' id='word_1_365' title='bbox 379 3482 403 3536; x_wconf 80' lang='lat'><em>0</em></span> <span class='ocrx_word' id='word_1_366' title='bbox 419 3484 423 3550; x_wconf 90' lang='grc' dir='ltr'>Ι</span> <span class='ocrx_word' id='word_1_367' title='bbox 445 3480 535 3551; x_wconf 86' lang='lat' dir='ltr'><strong>piraei</strong></span> <span class='ocrx_word' id='word_1_368' title='bbox 548 3482 575 3534; x_wconf 93' lang='lat' dir='ltr'><strong><em>L</em></strong></span> <span class='ocrx_word' id='word_1_369' title='bbox 596 3485 600 3551; x_wconf 88' lang='grc' dir='ltr'>Ι</span> <span class='ocrx_word' id='word_1_370' title='bbox 619 3484 703 3552; x_wconf 85' lang='lat' dir='ltr'><strong>portu</strong></span> <span class='ocrx_word' id='word_1_371' title='bbox 720 3483 743 3538; x_wconf 80' lang='lat'><strong><em>0</em></strong></span> <span class='ocrx_word' id='word_1_372' title='bbox 760 3485 763 3551; x_wconf 96' lang='grc' dir='ltr'>Ι</span> <span class='ocrx_word' id='word_1_373' title='bbox 785 3483 888 3536; x_wconf 86' lang='lat' dir='ltr'><strong>colchis</strong></span> <span class='ocrx_word' id='word_1_374' title='bbox 908 3486 990 3537; x_wconf 80' lang='lat' dir='ltr'><strong>tenus</strong></span> <span class='ocrx_word' id='word_1_375' title='bbox 1008 3485 1048 3552; x_wconf 79' lang='lat' dir='ltr'><strong>(p.</strong></span> <span class='ocrx_word' id='word_1_376' title='bbox 1063 3488 1170 3552; x_wconf 79' lang='lat' dir='ltr'><strong>99,1e)</strong></span> 
     </span>
     <span class='ocr_line' id='line_1_40' title="bbox 142 3549 1171 3626; baseline 0.009 -26"><span class='ocrx_word' id='word_1_377' title='bbox 142 3577 177 3586; x_wconf 82' lang='lat'><em>-</em></span> <span class='ocrx_word' id='word_1_378' title='bbox 190 3549 284 3606; x_wconf 82' lang='grc'>131133</span> <span class='ocrx_word' id='word_1_379' title='bbox 301 3570 389 3621; x_wconf 83' lang='lat' dir='ltr'><strong>quam</strong></span> <span class='ocrx_word' id='word_1_380' title='bbox 409 3552 453 3610; x_wconf 88' lang='lat' dir='ltr'><strong>sie</strong></span> <span class='ocrx_word' id='word_1_381' title='bbox 470 3551 538 3610; x_wconf 89' lang='lat' dir='ltr'><strong>illos</strong></span> <span class='ocrx_word' id='word_1_382' title='bbox 553 3570 667 3626; x_wconf 82' lang='lat' dir='ltr'><strong>quoque</strong></span> <span class='ocrx_word' id='word_1_383' title='bbox 681 3556 723 3626; x_wconf 71' lang='lat' dir='ltr'><strong>lp.</strong></span> <span class='ocrx_word' id='word_1_384' title='bbox 738 3557 838 3623; x_wconf 64' lang='lat' dir='ltr'><strong>102‚bl</strong></span> <span class='ocrx_word' id='word_1_385' title='bbox 850 3562 910 3622; x_wconf 82' lang='lat' dir='ltr'><strong>post</strong></span> <span class='ocrx_word' id='word_1_386' title='bbox 921 3556 1007 3622; x_wconf 76' lang='lat' dir='ltr'><strong>portu</strong></span> <span class='ocrx_word' id='word_1_387' title='bbox 1020 3553 1045 3608; x_wconf 82' lang='grc'><em>0</em></span> <span class='ocrx_word' id='word_1_388' title='bbox 1057 3556 1064 3621; x_wconf 75' lang='lat' dir='ltr'><strong>l</strong></span> <span class='ocrx_word' id='word_1_389' title='bbox 1078 3556 1129 3608; x_wconf 83' lang='grc'><strong>331</strong></span> <span class='ocrx_word' id='word_1_390' title='bbox 1142 3555 1171 3609; x_wconf 90' lang='grc' dir='ltr'><strong><em>Β</em></strong></span> 
     </span>
    </p>
   </div>
   <div class='ocr_carea' id='block_1_4' title="bbox 0 0 1222 3826">
    <p class='ocr_par' dir='ltr' id='par_1_7' title="bbox 0 0 1222 3826">
     <span class='ocr_line' id='line_1_41' title="bbox 0 0 1222 3826; baseline 0 1"><span class='ocrx_word' id='word_1_391' title='bbox 0 0 1222 3826; x_wconf 95' lang='lat' dir='ltr'><strong> </strong></span> 
     </span>
    </p>
   </div>
  </div>
 </body>
</html>
