2436 3826
544 204 660 255 INDEX

108 365 139 416 et
152 362 231 415 Rhea
247 360 336 416 Silvia
350 367 428 428 6,16.
448 361 571 415 iactatus

85 433 140 486 ·in
173 433 357 501 profluentem
388 450 452 486 cum
484 434 571 486 Remo

108 503 196 558 fratre
214 522 272 557 non
289 503 384 572 potuit
402 503 529 573 extingui
547 510 571 572 6,

112 579 152 629 18.
189 578 314 644 repertos
333 574 485 629 Faustulus
505 574 572 628 edu-

109 645 186 699 cavit
206 654 229 715 7,
245 652 268 701 3.
301 649 434 715 patruum
452 646 488 699 ab
509 662 572 699 arce

109 717 254 786 deturbat,
275 734 359 770 avum
376 717 489 786 reponit
508 723 531 785 7,
547 722 571 771 8.

71 809 73 813 ·
109 787 221 842 moenia
239 804 330 842 novae
349 788 426 842 urbis
441 788 572 858 agitabat

110 866 192 928 7,10.
229 858 391 913 Palatinum
410 861 530 929 occupat
547 864 571 928 7,

111 937 152 986 12.
177 930 267 985 victor
281 930 399 1000 augurio
414 931 512 985 urbem
526 948 571 984 ex·

110 1002 183 1055 citat
202 1007 283 1071 7,14.
320 1001 436 1072 Remus,
456 1001 573 1056 dubium

110 1090 148 1127 an
167 1073 227 1127 eius
246 1073 337 1141 iussu,
361 1073 469 1128 occisus
490 1079 570 1143 7,17.

109 1144 268 1213 proximum
282 1144 346 1198 urbi
361 1145 454 1199 locum
464 1144 574 1214 asylum

109 1215 180 1268 facit
200 1221 223 1284 7,
239 1222 281 1270 91.
318 1216 454 1285 populum
472 1218 573 1270 Roma-

111 1303 179 1338 num
197 1285 257 1355 ipse
276 1285 345 1339 fecit
362 1304 412 1341 rex
427 1292 451 1356 8,
461 1293 486 1342 4,
511 1303 573 1355 spo·

110 1354 151 1408 lia
170 1355 264 1424 opima
283 1356 318 1409 de
336 1373 401 1426 rege
421 1356 574 1411 Caeninen-

111 1425 185 1480 sium
194 1427 574 1497 reportavit8,10.inpugna

113 1501 210 1551 contra
239 1497 358 1552 Sabinos
381 1499 477 1552 Iovem
504 1501 574 1566 orat,

111 1568 225 1622 foedam
235 1585 348 1622 suorum
357 1569 455 1639 fugam
463 1568 575 1623 sisteret

113 1645 196 1709 8,17.
233 1656 290 1708 pax
308 1641 344 1694 ab
364 1657 397 1694 eo
416 1641 493 1694 facta
512 1657 575 1693 cum

113 1711 196 1765 Tatio
212 1715 237 1779 8,
248 1717 289 1766 19.
323 1714 429 1766 statum
447 1711 488 1765 rei
504 1711 574 1781 pub-

112 1782 184 1837 licae
204 1782 317 1836 ordinat
336 1789 359 1853 9,
375 1789 399 1838 3.
436 1786 505 1852 aput
524 1781 574 1836 Ca·

113 1871 181 1923 prae
213 1853 347 1923 paludem
378 1871 394 1907 e
424 1856 574 1923 conspectu

114 1925 228 1979 ablatus
244 1931 268 1994 9,
279 1930 304 1979 8.
333 1925 503 1995 discerptum
522 1923 574 1978 ali·

112 1996 163 2064 qui
194 2013 211 2049 a
242 1999 342 2050 senatu
369 1997 472 2066 putant
499 2002 529 2063 9,
549 2000 573 2048 9.

113 2067 201 2120 Iulius
216 2066 350 2120 Proculus
365 2067 456 2121 visum
471 2085 488 2121 a
502 2082 532 2120 se
541 2067 573 2120 R.

114 2137 275 2191 adfirmavit
299 2137 461 2208 augustiore
485 2138 575 2191 forma

113 2225 199 2277 quam
216 2207 317 2263 fnisset
336 2215 418 2279 9,10.
451 2208 576 2262 succedit

113 2281 146 2334 R.
175 2279 268 2334 Numa
299 2279 454 2350 Pompilius
483 2285 574 2346 9,16.

114 2349 183 2419 quid
190 2351 222 2407 R.
232 2351 395 2406 ardentius?
404 2358 493 2420 14,91.
502 2351 576 2405 Mar-

115 2421 202 2475 cellus
226 2424 312 2476 tertia
331 2425 397 2493 post
414 2424 446 2478 R.
466 2426 577 2492 patrem

115 2492 239 2547 Feretrio
249 2494 310 2550 Iovi
324 2494 418 2564 opima
431 2493 577 2564 suspendit

117 2570 216 2634 50,14.
254 2565 393 2633 Viriatus,
419 2565 443 2619 si
463 2565 577 2620 fortuna

115 2636 254 2705 cessisset,
269 2636 424 2705 Hispaniae
438 2637 470 2690 R.
481 2641 576 2704 80,10.

115 2709 269 2760 tractatum
298 2706 328 2759 in
356 2710 456 2760 senatu
484 2723 521 2760 an
544 2707 576 2760 R.

90 2812 94 2820 -
116 2780 264 2830 vocaretur
281 2778 425 2845 Augustus
446 2782 548 2845 189,11

90 2863 196 2901 Ι10000
228 2864 277 2917 per
309 2848 429 2901 hiemem
457 2848 494 2901 ab
520 2847 577 2900 An·

116 2918 211 2972 tiocho
231 2918 360 2973 conlatae
380 2924 453 2987 66,3

98 2993 233 3059 (rostra)
248 2989 376 3044 Maenius
395 2989 424 3042 in
444 2990 578 3061 suggestu

117 3060 171 3114 fori
199 3064 282 3130 capta
305 3059 465 3114 Antiatium
489 3060 579 3114 classe

117 3132 224 3185 suffixit
249 3138 297 3201 90,
313 3140 337 3188 3.
376 3135 445 3200 aput
471 3131 578 3185 insulas

117 3204 242 3274 negatas
265 3203 295 3256 in
317 3203 369 3256 hos
392 3203 437 3257 vel
460 3203 491 3256 in
513 3202 578 3257 illos

117 3273 190 3328 ictus
205 3274 323 3328 mobilia
335 3292 356 3327 1.
367 3275 494 3328 Romana
503 3279 577 3342 48,5.

118 3346 290 3400 Venetorum
304 3362 389 3400 naves
405 3345 502 3399 statim
510 3362 579 3398 nau-

119 3416 224 3487 fragae,
240 3434 337 3471 cumr.
354 3416 507 3470 sensissent
520 3421 579 3485 106,

120 3493 162 3542 93.
182 3488 217 3541 110
232 3488 260 3542 C.
277 3487 425 3542 Octavium
439 3487 479 3543 Ti.
496 3487 580 3542 Grac-

121 3557 189 3613 chus
222 3559 327 3614 iniecta
358 3577 443 3613 manu
472 3557 581 3629 depulit

1036 199 1104 264 253

644 365 762 430 118,19.
798 359 898 415 Octavi
916 360 1039 414 consulis
1058 377 1106 414 ca-

641 433 695 501 put
712 449 762 500 pro
781 450 803 485 r.
821 431 969 501 exponitur
983 449 1000 484 a
1014 432 1105 486 Mario

644 509 762 572 131,16.
800 502 914 558 Caesari
936 502 1034 556 oblata
1054 520 1105 572 pro

643 592 665 628 r.
684 573 765 643 regni
784 573 906 644 insignia
926 579 985 642 154,
1002 583 1026 629 6.
1063 591 1105 628 re·

645 645 733 698 cisum
748 645 887 700 Ciceronis
904 648 991 714 caput
1003 644 1034 698 in
1047 644 1105 699 illis

645 716 702 770 suis
717 734 738 771 r.
753 716 870 771 videbat
884 715 983 770 civitas
994 720 1106 784 158,10.

644 786 742 842 rostris
764 787 891 842 Caesaris
913 787 1106 841 11010οΑ110-

644 859 744 912 nianas
764 858 936 928 dissipavere
956 864 1066 927 167,19

626 942 800 993 rostratae
829 956 876 992 sex
899 938 1060 992 Antiatium
1090 955 1107 991 a

644 1010 756 1064 Maenio
775 1013 875 1080 captae
895 1016 937 1077 90,
953 1016 968 1062 5

627 1082 774 1135 Rufinus
792 1101 818 1137 v.
838 1081 982 1136 Cornelius

627 1150 727 1215 ruina
746 1161 852 1216 bellum
866 1161 1050 1215 Tarentinum
1065 1164 1108 1214 to-

645 1236 705 1287 tam
723 1233 838 1286 Italiam
860 1235 889 1286 et
906 1233 1044 1301 Pyrrhum
1066 1231 1109 1285 in-

646 1303 737 1358 volvit
755 1309 853 1372 31,17.
882 1302 1109 1374 Gallograeciam

647 1374 755 1443 Syriaci
775 1373 845 1428 belli
863 1392 884 1427 r.
904 1374 1047 1428 convolvit
1066 1379 1108 1442 68,

647 1451 689 1500 13,
711 1444 786 1498 aliae
801 1444 931 1513 aliaeque
945 1447 1043 1514 gentes
1060 1444 1108 1513 Sy-

646 1516 716 1569 riaci
734 1514 803 1570 belli
822 1518 954 1570 secuntur
971 1534 992 1569 r.
1013 1520 1108 1583 69,16.

647 1586 752 1641 Cimbri
778 1586 808 1639 in
831 1586 946 1640 Italiam
973 1586 1063 1641 veluti
1087 1604 1110 1642 1.

648 1656 852 1712 descenderant
870 1661 970 1725 91,17.
999 1657 1109 1710 Mithri-

648 1729 728 1782 dates
752 1729 845 1782 totum
865 1745 955 1797 paene
974 1728 1111 1782 orientem

648 1817 681 1854 ac
696 1799 915 1869 septentrionem
926 1817 947 1854 r.
959 1817 1010 1853 sua
1020 1799 1110 1854 invol-

647 1871 690 1924 vit
704 1877 747 1939 98,
757 1877 800 1924 90.
829 1870 953 1925 Catilina
973 1887 1002 1924 se
1016 1871 1110 1925 incen-

648 1942 726 1995 dium
754 1959 835 1995 suum
861 1941 1061 1995 restincturum
1087 1960 1109 1997 r.

647 2013 810 2067 minabatur
829 2018 938 2081 137,19

629 2085 659 2138 P.
674 2083 788 2137 Rutili
801 2084 887 2154 Lupi
903 2087 970 2153 (cos.
985 2087 1029 2154 90)
1049 2100 1110 2139 cae-

648 2172 696 2209 sae
710 2155 784 2209 bello
800 2155 899 2209 sociali
912 2154 1011 2225 copiae
1026 2160 1110 2224 194,3

629 2237 659 2291 P.
694 2235 806 2290 Rutili
838 2235 918 2289 Rufi
954 2238 1019 2305 (eos.
1049 2239 1111 2305 105)

648 2307 830 2362 damnatione
846 2310 960 2361 senatus
973 2323 1054 2361 omne
1064 2307 1111 2361 de·

649 2397 697 2434 cus
712 2378 870 2433 maiestatis
885 2379 1019 2433 amiserat
1029 2384 1111 2447 191,9

632 2555 968 2625 Sabaeorum,gentis
978 2555 1109 2623 Arabiae,

651 2627 743 2696 spolia
760 2629 839 2680 mota
857 2625 949 2680 ventis
966 2626 1056 2679 maria
1070 2642 1111 2679 re-

650 2698 802 2752 vomebant
825 2696 855 2750 in
878 2714 974 2766 pugna
993 2696 1111 2751 Actiaca

651 2773 742 2837 1004

634 2845 788 2914 Sabinis,
812 2846 913 2900 Italiae
934 2846 1026 2917 genti,
1049 2863 1112 2916 pro-

651 2918 728 2972 ditae
747 2920 846 2987 portae
859 2935 910 2988 per
923 2918 1072 2987 Tarpeiam
1087 2922 1113 2986 8,

652 2996 693 3044 19.
726 3006 829 3044 novam
851 2989 881 3042 in
904 2989 1002 3043 urbem
1026 2989 1112 3043 demi-

651 3063 768 3129 grarunt
783 3066 843 3127 9,1.
868 3059 985 3114 Curibus
1001 3060 1112 3114 Sabinis

651 3131 771 3185 Romani
780 3131 902 3185 Numam
915 3132 1076 3201 petiverunt
1088 3138 1112 3200 9,

652 3208 693 3257 10.
721 3219 817 3256 eorum
830 3219 898 3272 gens
914 3220 931 3256 a
945 3202 1027 3257 Curio
1040 3203 1112 3256 Den-

650 3277 712 3327 tato
737 3274 854 3328 subacta
878 3279 981 3342 97,15.
1019 3290 1114 3327 eorum

652 3361 751 3416 greges
769 3347 835 3398 ante
849 3344 997 3398 victoriam
1011 3345 1113 3398 Taren-

651 3416 742 3469 tinam
770 3416 800 3469 in
827 3415 976 3485 triumphis
1004 3422 1051 3485 36,
1072 3423 1113 3471 13.

653 3488 680 3542 S.
705 3486 760 3540 sibi
783 3486 897 3541 miscuit
919 3488 1039 3556 populus
1060 3488 1114 3541 Ro-

653 3575 755 3613 1001100
774 3564 841 3627 1‘1‘1,
850 3565 898 3611 11.
920 3558 1054 3624 primurn
1066 3573 1128 3604 ser-
