2436 3826
96 189 163 253 210

114 348 204 419 patris
229 349 351 418 pretium
373 349 492 403 militiae
515 364 577 417 per·

115 419 244 474 solvebat
263 420 398 477 Octavius
419 425 478 489 156,
493 425 526 473 21

96 499 253 568 Veturia,
297 500 438 554 Coriolani
477 500 576 567 mater,

113 571 203 624 filium
225 571 350 625 lacrimis
374 571 431 624 suis
450 587 576 625 exarma-

113 642 156 696 vit
175 647 217 710 aa,
233 647 266 695 1c

95 721 126 776 T.
143 722 286 775 Veturio
310 721 453 776 Calvino
476 722 575 774 Postu-

113 793 225 861 mioque
244 809 313 847 coss.
329 796 402 862 (334)
421 795 491 862 aput
505 791 575 846 Cau-

114 864 196 917 dinas
215 864 338 918 furculas
353 883 387 918 ex
402 863 575 918 Samnitibus

114 935 208 989 clades
227 939 344 1006 accepta
363 942 405 1004 99,
421 941 454 989 15

94 1014 228 1070 vexilla
251 1016 367 1069 deerant
387 1015 417 1067 in
436 1014 574 1068 seditione

113 1085 197 1138 Drusi
217 1091 276 1152 121,
293 1091 334 1140 13.
371 1085 483 1139 vexillis
507 1086 574 1139 seri-

113 1156 153 1209 cis
180 1173 303 1224 auroque
325 1152 476 1211 vibrantia
492 1156 574 1226 signa

111 1226 210 1280 Parthi
220 1227 367 1281 ostendere
377 1227 573 1295 Crassol12,1.

114 1298 264 1368 Spartacus
280 1316 373 1353 servos
389 1299 425 1352 ad
439 1298 574 1354 vexillum

110 1373 195 1423 vocat
219 1376 339 1439 127,15.
376 1369 481 1424 vexilla
505 1368 573 1423 Cae-

114 1441 183 1494 saris
202 1441 323 1496 Tarraco
342 1443 438 1511 portat
458 1446 517 1508 186,
534 1447 548 1493 7

93 1521 208 1575 viator
226 1521 310 1575 Drusi
331 1521 396 1575 trib.
415 1521 489 1590 pleb.
508 1520 574 1574 Phi-

111 1592 220 1662 lippum
261 1592 403 1646 oonsulem
443 1592 573 1646 faucibus

111 1663 298 1733 adprehendit
317 1670 377 1731 102,
392 1668 409 1716 4

94 1742 121 1796 C.
132 1742 236 1796 Vibio
253 1742 413 1797 Postumo
427 1744 572 1814 Augustus

110 1813 255 1867 Dalmatas
273 1815 478 1884 perdomandos
493 1831 572 1867 man-

111 1885 161 1938 dat
181 1890 270 1953 171,8

91 1955 234 2009 victima
248 1955 339 2026 prima
352 1957 458 2010 Romae
467 1957 571 2010 Remus

111 2032 195 2095 7,18.
233 2027 343 2098 legatos
370 2028 511 2081 Romanos
539 2030 572 2080 ut

109 2116 134 2151 v.
170 2099 260 2151 securi
291 2099 452 2168 percutiunt
480 2098 572 2168 Illyrii

109 2175 157 2236 51,
172 2174 197 2223 4.
234 2170 302 2238 fuga
328 2170 506 2223 victimarum
528 2170 569 2223 in-

108 2238 240 2291 minentis
277 2240 374 2293 ruinae
427 2240 570 2310 rodigium

110 2314 173 2376 145,
192 2314 235 2362 01.
275 2309 377 2363 Caesar
446 2311 569 2365 victimis

108 2379 241 2448 perlitare
251 2397 307 2434 non
315 2383 517 2450 potuerat154‚
527 2387 568 2435 14.

11 2499 16 2509 ,
108 2451 138 2503 in
170 2450 282 2505 Octavii
310 2451 437 2505 Caesaris
469 2453 568 2506 castris

109 2522 202 2576 omnia
215 2539 281 2577 aves
292 2540 373 2592 nque
383 2523 570 2593 promiserant

88 2637 211 2735 vigilis
244 2669 399 2720 castrorum
431 2666 489 2736 pilo
522 2683 568 2720 ex-

106 2739 203 2807 ceptus
223 2736 376 2806 Olyndicus
395 2743 437 2808 80,
454 2744 468 2791 7

87 2815 303 2886 Vindelicos,
328 2817 463 2887 populum
485 2817 566 2871 Nori·

106 2903 181 2957 cum,
207 2888 351 2957 Augustus
374 2906 424 2959 per
445 2889 566 2942 Drusum

104 2959 269 3029 perpacavit
289 2965 397 3029 169,13

87 3038 290 3094 Vindelicus
308 3040 398 3093 amnis
413 3039 494 3094 testis
509 3040 566 3094 vic-

104 3110 194 3164 toriae
209 3111 243 3164 de
257 3111 457 3181 Allobrogibus
472 3113 501 3165 et
514 3110 565 3164 Ar-

104 3182 196 3235 vernis
215 3185 375 3251 reportatae
394 3187 437 3251 89,
453 3189 486 3235 14

87 3261 116 3314 11
126 3262 299 3330 Vindium,
312 3262 564 3316 eminentissimum

102 3336 234 3403 montem,
250 3332 385 3387 Cantabri
398 3333 565 3404 confugiunt

84 3447 318 3530 vaisseras
332 3474 478 3547 mitigatos
491 3475 563 3529 osm-

545 189 659 240 INDEX

630 346 792 400 Vinnium
815 345 845 398 in
867 344 1022 400 domandos
1039 347 1110 400 Pan·

648 417 748 472 nonios
757 418 901 486 Augustus
915 417 996 471 misit
1006 423 1067 486 170,
1078 424 1110 472 14

630 489 767 558 viperas
800 504 948 541 causarum
975 491 1111 558 patronos

648 560 795 630 appellant
812 558 943 613 Germani
962 565 1024 629 176,
1041 568 1055 615 7

629 631 738 701 virgis
762 630 866 684 liberos
885 629 988 684 cecidit
1005 632 1111 685 Brutus

649 708 694 770 16,
718 707 758 756 14.
799 700 927 755 lictoriae
955 720 980 756 v.
1010 719 1111 757 sonum

647 790 717 827 uxor
729 772 851 827 Stolonis
866 775 1020 842 expaverat
1034 779 1077 843 40,
1088 779 1109 828 7.

646 845 738 898 Varus
765 843 931 898 violentiam
956 844 1110 898 barbarum

647 915 755 970 lictoris
777 914 865 986 virgis
886 914 1009 969 inhiberi
1027 933 1109 986 posse

646 989 730 1057 putat
749 991 859 1055 17112

628 1057 657 1112 L.
668 1055 1046 1128 Virginiusfiliammanu
1057 1075 1109 1110 sua

645 1129 787 1183 interfecit
805 1134 848 1197 39,
864 1133 897 1180 91

627 1199 765 1269 virgula
781 1198 951 1267 Tarquinius
967 1198 1108 1268 Superbus

644 1287 818 1341 papaverum
836 1269 931 1339 capita
946 1270 1054 1324 excutit
1066 1276 1108 1339 14,

646 1348 670 1396 2.
694 1361 720 1397 v.
735 1342 880 1395 custodem
894 1340 1048 1394 barbarum
1063 1357 1107 1394 ex-

645 1416 742 1467 caecat
760 1412 875 1467 Crassus
895 1411 931 1464 ab
947 1411 1107 1466 Aristonico

646 1487 745 1554 captus
765 1489 856 1552 85,17

627 1555 793 1626 virgultis
815 1553 990 1625 palustribus
1014 1556 1106 1608 tectus

645 1643 729 1695 eques
745 1625 913 1680 Hannibalis
933 1626 1004 1694 aput
1017 1624 1107 1679 Thra

645 1715 809 1766 symennum
827 1697 921 1751 lacum
940 1701 982 1765 53,
1000 1703 1032 1750 17

626 1769 782 1823 Viriatus
798 1767 948 1821 Lusitanos
963 1765 1052 1821 erexit
1062 1771 1106 1836 80,

539 1891 549 1912 ,
644 1844 668 1894 8.
697 1857 731 1893 ex
750 1841 882 1894 venatore
901 1839 987 1905 latro,
1012 1854 1045 1891 ex
1064 1837 1106 1890 la-

643 1913 723 1965 trone
743 1911 798 1964 dux
813 1916 855 1980 80,
867 1916 891 1965 9.
914 1926 965 1980 per
978 1908 1042 1962 XIV
1057 1926 1106 1962 an-

642 2000 693 2036 nos
709 1981 877 2052 Hispaniam
895 1980 1047 2052 populatus
1063 1985 1105 2049 80,

644 2059 685 2108 11.
710 2052 858 2107 Claudium
871 2052 1043 2107 Vnimanum
1063 2068 1106 2105 ce-

642 2123 713 2178 cidit
736 2129 839 2192 80,14.
877 2141 941 2178 eum
968 2123 1027 2176 iam
1054 2140 1102 2192 op-

641 2197 782 2265 presserat
804 2194 910 2248 Fabius
938 2193 1036 2249 consul
1060 2198 1103 2263 80,

643 2272 683 2320 16.
703 2265 829 2335 Popilius
840 2282 904 2319 eum
913 2282 962 2336 per
970 2264 1104 2318 domesti-

623 2337 919 2462 Vcospiercussoressp}
955 2341 1103 2403 essus81,2

654 2426 699 2460 1r1
729 2424 860 2461 omarus
954 2424 1033 2462 orum
1046 2424 1104 2476 rex,

642 2496 659 2532 a
677 2478 811 2534 Marcello
830 2452 937 2533 ocbisus
957 2483 1048 2548 50,11

623 2550 742 2604 Virtus
770 2553 799 2605 et
822 2550 946 2604 Fortuna
974 2550 1011 2602 ad
1039 2565 1104 2603 con-

642 2621 815 2676 stituendum
851 2621 949 2692 populi
982 2620 1104 2673 Romani

640 2693 789 2763 imperium
824 2692 956 2746 videntur
989 2695 1104 2744 conten-

640 2764 715 2818 disse
730 2771 755 2833 5,
766 2769 790 2819 9.
826 2763 948 2818 Hostilio
966 2762 997 2816 in
1015 2762 1103 2817 bono·

639 2853 699 2890 rem
725 2835 838 2888 virtutis
863 2851 980 2904 regnum
1004 2835 1104 2887 datum

640 2911 686 2975 10,
707 2912 731 2960 9.
774 2906 810 2958 ab
838 2905 956 2960 Horatio
984 2905 1101 2958 additus

639 2978 677 3031 ad
695 2995 721 3031 v.
741 2975 821 3030 dolus
842 2982 944 3046 10,18;
973 2976 1101 3029 aMario

639 3052 743 3115 92,10.
781 3047 901 3101 abstulit
923 3047 1013 3101 virtus
1037 3065 1102 3116 par-

637 3119 768 3172 ricidium
786 3118 898 3173 Horatii
918 3124 959 3187 11,
974 3124 999 3174 3.
1034 3117 1101 3171 Tul-

637 3191 680 3243 lus
716 3190 793 3244 acuit
824 3191 932 3244 ratione
965 3190 1102 3244 virtutem

638 3267 684 3330 15,
707 3268 733 3318 4.
779 3260 920 3332 virginum
954 3260 1101 3330 (Cloeliae)

636 3332 725 3387 virtus
751 3337 796 3402 18,
817 3339 840 3387 7.
877 3333 1019 3387 Porsenna
1043 3332 1100 3385 vir-

635 3406 729 3458 tutum
737 3403 851 3457 territus
862 3403 993 3458 monstris
1004 3409 1045 3472 18,
1055 3408 1098 3457 10.

635 3477 763 3529 Romana
790 3494 816 3530 v.
844 3475 993 3545 imperium
1021 3474 1098 3528 orbis

89 3545 156 3601 bros
179 3548 291 3605 Marius
317 3550 473 3625 adgressus
492 3554 571 3620 914
641 3547 802 3602 merebatur
813 3552 913 3612 auat.
937 3546 973 3598 in
987 3546 1099 3600 Gallico
