2436 3826
128 188 195 252 264

131 349 168 402 M.
193 348 301 401 Varro
328 347 507 401 Terentius
535 347 610 401 bello

149 419 269 489 piratico
303 418 498 472 Hadriaticum
535 435 611 472 mare

151 489 299 560 occupavit
321 494 441 558 102,18.
479 489 611 543 ulteriore

149 560 288 631 Hispania
311 560 396 614 cessit
419 560 532 615 Caesari
551 566 611 628 148,

133 704 282 772 Termes,
301 702 455 773 Hispaniae
470 701 612 772 oppidum,

152 790 284 846 oppresso
308 774 429 829 Sertorio
457 773 487 827 in
512 773 613 827 Roma-

151 863 218 900 nam
237 846 321 899 fidem
339 845 417 900 venit
436 850 495 913 135,
512 850 543 898 12

134 916 313 971 Terminus
328 917 396 970 deus
410 915 580 985 inaugurato
597 932 615 969 a

151 987 304 1054 Tarquinio
315 986 420 1056 templo
431 986 537 1040 restitit
547 992 589 1055 14,
599 992 614 1040 7

135 1058 239 1112 Terra
271 1060 380 1110 mater
413 1074 490 1110 sacro
520 1056 615 1110 iuveni

155 1130 321 1181 oneraverat
343 1127 471 1197 frugibus
495 1127 615 1182 amictus

135 1242 217 1338 quasi
241 1269 271 1322 in
294 1268 489 1340 terrigenas
510 1270 616 1323 Fabius

154 1341 185 1394 in
208 1340 339 1395 Etruscos
364 1357 379 1395 e
398 1340 517 1396 Ciminio
542 1341 616 1395 saltu

157 1412 286 1466 detonuit
305 1418 347 1482 31,
363 1418 379 1466 6

141 1486 383 1538 testamentum
410 1483 503 1538 Attali
526 1488 572 1554 85,
593 1489 617 1539 7.

155 1558 176 1610 t.
198 1554 325 1608 Caesaris
345 1553 470 1608 civilium
490 1557 618 1608 motuum

157 1643 244 1681 causa
267 1631 330 1694 156,
346 1633 370 1679 2.
407 1628 578 1680 testamenta
601 1643 619 1680 a

158 1696 286 1752 Caesaris
313 1695 451 1750 militibus
480 1700 546 1751 ante
568 1716 619 1766 pu-

158 1785 244 1839 gnam
263 1785 326 1822 cum
339 1767 480 1822 Ariovisto
499 1767 530 1821 in
542 1775 620 1837 prin-

138 1839 618 1980 11111818111ὴῖἷῆ11ἓῖ11118112111

155 1982 186 2035 in
204 1999 300 2052 pugna
315 1981 443 2037 Caesaris
461 1999 524 2035 cum
537 1982 619 2036 Ario-

156 2053 231 2107 visto
251 2057 342 2122 1086

139 2124 306 2192 Teutana,
330 2123 490 2193 Illyriorum
511 2124 618 2194 regina,

156 2194 307 2274 imperavit
331 2197 364 2248 ut
386 2193 475 2263 legati
498 2193 619 2249 Romani

139 2266 618 2414 stltebethsettha,

157 2405 268 2474 insigne
278 2405 470 2475 spectaculum
483 2405 619 2476 triumphi

157 2475 242 2530 Marii
261 2481 303 2546 91,
321 2482 352 2530 10

140 2547 287 2602 Τ111111
306 2549 342 2602 ab
362 2547 492 2602 extremis
509 2548 619 2605 Galliac

158 2619 271 2691 profugi
286 2625 328 2690 90,
339 2627 363 2675 6.
406 2622 486 2674 stunt
500 2623 532 2674 ut
545 2621 620 2675 Mar·

157 2691 214 2745 tius
232 2691 353 2761 populus
372 2709 389 2745 a
405 2690 482 2760 'quid
496 2692 550 2746 sibi
565 2694 620 2747 ter-

158 2780 206 2817 rae
235 2764 315 2818 daret
340 2762 422 2832 quasi
448 2763 620 2833 stipendium

160 2840 201 2902 90,
215 2840 255 2890 10.
283 2852 335 2889 nec
355 2835 474 2903 Silanus,
494 2851 546 2889 nec
559 2836 619 2889 Ma·

159 2904 245 2959 nilius
263 2922 314 2960 nec
332 2905 435 2975 Caepio
455 2922 551 2960 eorum
569 2905 620 2959 im·

158 2980 255 3046 petum
270 2976 407 3031 sustinere
416 2979 620 3046 11111111190,

160 3053 201 3103 15.
234 3064 284 3117 per
297 3048 383 3116 Alpes
401 3048 564 3102 ferebantur
578 3053 612 3101 90

160 3125 201 3174 23.
241 3118 347 3173 Marius
375 3120 517 3173 Teutonas
545 3092 621 3188 apud

159 3193 256 3259 Aquas
280 3189 389 3245 Sextias
416 3189 555 3260 oppressit
578 3197 620 3259 90,

161 3267 203 3318 26.
228 3261 334 3316 sublati
348 3261 475 3315 funditus
489 3261 519 3316 T.
534 3267 620 3330 91,15

142 3332 297 3403 Thalam,
335 3331 485 3386 Numidiae
524 3332 622 3386 urbem

194 3421 275 3459 avem
300 3404 385 3458 armis
409 3403 621 3473 thensaurisque

172 3476 325 3547 ugurthae,
349 3474 481 3531 Metellus
505 3474 622 3546 diripuit

145 3551 226 3618 aaa

580 189 695 242 INDEX

666 348 736 415 aput
758 345 931 414 Thapson,
959 344 1080 401 Africae
1108 365 1160 418 op-

682 416 788 487 pidum,
808 415 936 470 Caesaris
955 419 984 470 et
998 416 1159 488 Pompeia·

682 505 783 542 norum
818 486 956 556 proelium
996 487 1160 545 Pharsalia

684 558 805 629 amplius
839 564 902 627 149,
933 564 973 614 15,
1021 559 1160 631 Thapsos

684 647 823 699 nusquam
832 629 995 706 inCaesaris
1004 629 1159 703 triumpho

686 706 745 770 111,
762 706 794 754 rs

666 772 841 827 theatrum
859 770 951 826 maius
965 772 1089 827 Tarenti
1104 775 1160 829 im-

685 842 774 897 minet
796 841 890 912 portui
914 843 951 896 ad
968 849 1161 914 prospectum

685 914 771 968 maris
785 913 909 985 positum
923 920 965 983 32,
977 919 1001 970 6.
1024 914 1055 968 in
1071 917 1160 972 Pom-

685 985 795 1055 peianis
809 985 849 1040 th.
864 984 997 1040 Ponticos
1012 987 1160 1044 11111111-

685 1056 747 1110 nios
768 1056 924 1127 triumphos
943 1057 1035 1112 Roma
1054 1063 1160 1114 canta-

686 1127 738 1181 bat
757 1132 874 1196 140,10.
911 1127 1065 1198 Pompeius
1089 1135 1159 1186 ante

687 1197 865 1252 Pharsaliam
883 1198 913 1252 in
926 1205 1070 1255 nocturna
1086 1201 1159 1257 ima·

687 1269 753 1339 gine
767 1269 869 1338 plausu
882 1271 922 1324 th.
934 1269 977 1323 sui
991 1269 1023 1324 in
1036 1273 1160 1328 modum

688 1340 818 1410 planctus
842 1340 1068 1398 circumsonatus
1096 1351 1158 1413 146,

689 1418 713 1467 2.
752 1411 864 1466 Caesari
891 1412 921 1466 in
949 1412 987 1466 th.
1016 1413 1162 1471 distincta

688 1482 776 1537 radiis
796 1499 898 1538 corona
921 1483 1036 1538 decreta
1057 1492 1160 1553 154,3

672 1553 963 1623 Thebas,Boeotiae
972 1554 1083 1627 urbem,
1093 1558 1162 1613 Fla-

690 1624 812 1679 mininus
832 1625 994 1696 conpescuit
1013 1632 1057 1698 68,
1076 1634 1112 1684 16

672 1696 873 1750 thensauris
924 1696 1009 1766 regiis
1059 1701 1162 1770 gravis

690 1766 781 1822 Thala
800 1772 846 1837 88,
862 1774 886 1823 2.
925 1768 1040 1823 Crassus
1068 1772 1161 1842 regiis

690 1837 783 1892 inhiat
800 1838 840 1894 th.
857 1845 921 1908 111,
937 1844 977 1894 18.
1018 1840 1159 1897 thensau·

689 1926 783 1963 rorum
809 1910 933 1964 rationes
961 1911 1161 1968 continentem

690 1979 818 2034 libellum
840 1981 952 2035 Donnes
976 1981 1004 2038 C.
1030 1981 1161 2055 Caesari,

689 2052 811 2122 Augusti
841 2051 954 2122 nepoti,
989 2060 1160 2122 porrexerat

673 2193 869 2248 Theodotus
897 2193 1033 2266 magister
1042 2201 1160 2253 auctor-

690 2281 744 2333 que
763 2264 832 2319 belli
850 2238 1043 2336 Alexandrini,
1064 2273 1161 2325 morte

673 2339 856 2488 Tcppspppep
859 2355 877 2476 ἓ
885 2341 1003 2462 1111111151
1046 2409 1160 2466 famam

691 2477 857 2548 Calpurmus
870 2479 997 2533 Flamma
1011 2480 1160 2550 adaequa-

690 2548 733 2602 vit
751 2547 825 2603 circa
840 2550 1081 2606 Camerinensium
1101 2553 1160 2607 sal-

690 2621 752 2673 tum
769 2626 812 2690 44,
828 2627 851 2675 6.
883 2623 952 2690 aput
966 2622 1016 2677 Th.
1036 2640 1096 2678 non
1114 2642 1161 2679 re-

692 2690 768 2746 sistit
785 2692 940 2746 Antiochus
960 2699 1002 2762 66,
1018 2699 1034 2748 8

674 2762 836 2816 Thermus
854 2781 879 2818 v.
899 2763 1039 2818 Minucius

674 2833 834 2888 Thessali
848 2834 879 2888 in
892 2834 1035 2905 triumpho
1050 2835 1161 2892 Taren-

692 2904 752 2959 tino
772 2911 806 2959 36
831 2911 864 2959 15

674 2949 878 3032 Thessaliae
906 2995 968 3031 cum
995 2976 1065 3032 totis
1089 2979 1161 3034 viri·

692 3047 745 3101 bus
758 3047 882 3116 Pyrrhus
901 3048 1034 3103 veniebat
1052 3054 1096 3120 32,
1114 3057 1158 3109 16.

693 3134 756 3172 eam
774 3117 920 3173 incununt
937 3119 1060 3174 Thraces
1076 3128 1119 3190 94,
1131 3128 1159 3178 4.

692 3189 722 3242 in
745 3206 780 3244 ea
800 3189 928 3245 consedit
945 3190 1051 3245 bellum
1071 3191 1162 3248 civile

694 3260 821 3315 Caesaris
845 3263 874 3316 et
895 3261 1011 3331 Pompei
1031 3267 1097 3330 139,
1113 3270 1159 3321 17.

694 3331 753 3386 eius
771 3332 889 3387 castella
903 3333 1037 3387 vastabat
1051 3333 1164 3390 Caesar

695 3409 820 3473 145,10.
862 3403 969 3474 proelio
996 3408 1111 3474 sumpta
1142 3423 1163 3462 a

694 3475 812 3529 Caesare
831 3479 861 3529 et
877 3474 1010 3544 Pompeio
1030 3481 1160 3544 145,16.

698 3545 733 3601 in
757 3546 838 3601 bello
861 3545 1034 3613 Tempeiano
1061 3547 1163 3604 Africa
