2436 3826
123 164 205 256 42‘
488 197 599 248 raom
617 196 777 248 samona

124 362 269 441 venisset,
296 379 379 421 more
408 363 500 440 igniS‚
528 363 580 439 qui
608 359 708 419 obvias
736 359 893 438 populatus
921 361 1073 420 incendio.
1090 360 1138 421 sil-

125 467 175 509 vas
199 451 416 510 interveniente
440 449 561 509 flumine
586 448 787 528 abrumpitur,
815 447 968 528 paulisper
997 448 1139 510 substitit.

90 549 194 597 amor
232 557 299 599 cum
332 538 447 598 videret
479 536 735 617 opulentissimam
768 540 799 596 in
830 539 967 616 proximo
999 537 1141 617 praedam

125 627 252 705 quodam
280 627 368 686 modo
397 626 504 693 ltaliae,
526 645 596 687 suae
626 626 788 686 abscissam
815 633 845 686 et
873 629 958 704 quasi
985 625 1141 706 revolsam‚

126 717 199 776 adeo
226 715 386 794 cupiditate
411 718 476 776 cius
500 718 611 775 exarsit
633 722 679 793 ut,
707 721 853 793 quatenus
877 733 933 775 nec
955 714 1033 775 mole
1057 716 1164 792 iungis

125 824 181 865 nec
208 804 349 882 pontibus
373 811 488 883 posset,
514 805 606 863 armis
628 802 766 881 belloque
789 803 939 881 iungenda
962 810 993 863 et
1016 803 1053 863 ad
1074 821 1142 863 con-

91 897 273 953 3tinentem
297 911 380 952 suam
404 892 568 952 revocanda
590 891 668 951 bello
692 891 851 952 videretur.
898 898 928 951 et
952 909 1035 972 ecce,
1063 891 1142 952 ultro

127 984 201 1060 ipsis
225 983 301 1042 viam
331 979 530 1059 pandentibus
558 980 626 1040 fatis
653 998 709 1039 nec
738 982 853 1040 occasio
878 979 984 1061 defuit,
1013 998 1083 1040 cum
1107 980 1143 1039 de

127 1069 295 1129 Poenorum
332 1070 497 1147 inpotentia
534 1068 683 1128 foederata
717 1068 834 1129 Siciliae
872 1070 976 1128 civitas
1007 1066 1143 1132 Messana

129 1164 314 1236 quereretur.
365 1156 530 1217 adfectabat
567 1164 665 1217 autem
701 1164 735 1217 ut
766 1156 916 1217 Romanus
952 1159 993 1216 ita
1025 1156 1143 1217 Poenus
1157 1174 1180 1214 ro

129 1244 261 1306 Siciliam
284 1253 313 1305 et
336 1245 441 1305 eodem
464 1252 597 1325 tempore
621 1244 743 1323 paribus
766 1253 892 1323 uterque
915 1247 992 1305 votis
1017 1264 1051 1305 ac
1075 1247 1144 1305 viri-

92 1335 185 1397 4bus
208 1336 368 1413 imperium
392 1333 472 1394 orbis
496 1333 631 1412 agitabat.
670 1335 761 1411 igitur
785 1337 884 1412 specie
907 1333 1028 1412 quidem
1047 1336 1144 1394 socios

129 1423 258 1504 iuvandi,
281 1442 313 1483 re
338 1430 437 1482 autem
456 1423 633 1483 sollicitante
652 1422 771 1502 praeda,
795 1440 973 1501 quamquam
992 1424 1147 1483 territaret

129 1515 244 1573 novitas
267 1514 321 1592 rei,
344 1519 443 1571 tamen
468 1546 509 1553 —
533 1518 614 1572 tanta
638 1513 670 1570 in
693 1513 803 1571 virtute
827 1511 935 1572 fiducia
959 1517 1072 1571 est-
1096 1510 1146 1570 ille

128 1603 225 1680 rudis,
257 1599 306 1659 ille
339 1598 490 1679 pastorius
520 1598 647 1679 populus
680 1617 809 1677 vereque
843 1607 987 1660 terrester
1015 1600 1183 1660 ostenditis

128 1690 203 1750 nihil
229 1692 376 1750 interesse
404 1691 537 1770 virtutis,
566 1691 651 1767 equis
680 1706 717 1748 an
739 1687 878 1769 navibus,
906 1695 986 1748 terra
1010 1706 1047 1747 an
1071 1690 1147 1748 mari

129 1780 327 1839 dimicaretur.
778 1807 781 1810 ,

92 1880 108 1929 t
194 1867 287 1946 Appio
317 1866 439 1926 Claudio
474 1865 594 1926 consule
622 1867 752 1944 primum
781 1866 890 1925 fretum
918 1867 1074 1944 ingressus
1102 1871 1148 1924 est

128 1955 279 2033 fabulosis⁴
301 1955 410 2014 infame
438 1956 580 2014 monstris
610 1961 752 2032 aestuque
782 1953 958 2033 violentum,
991 1953 1044 2013 sed
1074 1953 1147 2012 adeo

128 2063 188 2104 non
217 2051 262 2103 est
291 2045 465 2121 exterritus,
493 2049 527 2101 ut
550 2041 630 2101 illam
653 2044 748 2120 ipsam
772 2045 887 2102 ruentis
911 2048 1011 2102 aestus
1035 2041 1148 2101 violen-
1161 2057 1186 2098 so

94 2135 201 2195 ctiam
228 2149 282 2209 pro
312 2148 435 2190 munere
463 2130 694 2209 amplecteretur
723 2133 881 2210 statimque
910 2149 943 2191 ac
972 2132 1036 2190 sine
1063 2148 1147 2190 mora

129 2220 290 2280 Hieronem
323 2219 540 2297 Syracusanum
573 2226 654 2279 tanta
687 2217 839 2301 celeritate
872 2220 997 2298 devicit,
1030 2225 1063 2279 ut
1096 2217 1146 2279 ille

130 2311 195 2388 ipse
219 2309 303 2386 prius
327 2326 358 2367 se
382 2308 493 2366 victum
517 2326 605 2386 quam
628 2307 745 2367 hostem
768 2308 882 2368 videret
905 2309 1059 2368 fateretur.

201 2427 223 2479 I
238 2430 252 2478 1
269 2424 367 2478 obuias
381 2424 529 2480 Ocunctas
539 2427 567 2480 B
581 2427 590 2494 ΙΙ
604 2433 620 2479 3
636 2442 699 2478 cum
713 2427 745 2478 io
759 2442 846 2492 quum
854 2425 1009 2480 mutavitB
1014 2425 1023 2455 ¹
1036 2426 1046 2492 Ι
1060 2432 1077 2477 l
1092 2441 1147 2492 quo

131 2496 254 2563 quodam
272 2498 365 2565 (price
380 2513 436 2564 quo
450 2495 571 2566 erasnm)
582 2497 616 2550 N
628 2498 632 2564 Ι
649 2494 804 2549 abscissam
818 2496 845 2548 L
859 2496 991 2551 Halmius
1006 2495 1148 2549 abscisam

131 2567 198 2621 BN
211 2567 215 2637 Ι
230 2567 373 2621 reuulsam
382 2568 444 2622 BL
457 2571 466 2636 ΙΙ
481 2576 496 2622 5
511 2569 650 2636 quatenus
666 2569 759 2636 (prior
773 2584 792 2619 1
806 2583 881 2634 supr.
891 2569 940 2635 os.)
950 2566 977 2619 L
989 2567 992 2637 Ι
1004 2582 1056 2620 nec
1070 2582 1148 2620 marc

132 2639 161 2691 et
178 2655 230 2691 nec
249 2637 322 2692 mole
342 2639 427 2708 (quod
444 2657 504 2709 sup.
525 2641 554 2693 et
571 2656 606 2692 m.
621 2640 652 2706 2)
670 2637 704 2691 N
718 2653 769 2691 nec
788 2653 865 2690 mare
884 2638 911 2690 L
924 2642 933 2702 Ι
948 2642 963 2690 6
982 2637 1073 2707 possit
1092 2637 1126 2691 N
1143 2639 1146 2706 Ι

130 2708 303 2780 iungendam
317 2711 346 2777 (v
359 2727 445 2779 sopio
459 2727 476 2763 a
488 2712 583 2779 posuit
596 2727 629 2762 ot.
645 2711 675 2778 2)
690 2709 724 2762 N
734 2708 908 2777 iungendam
918 2708 945 2761 L
958 2711 967 2775 ΙΙ
982 2715 996 2762 7
1012 2725 1095 2762 suum
1106 2708 1130 2763 G
1142 2713 1147 2780 Ι

130 2781 291 2834 reuocanda
305 2783 333 2848 (i
346 2797 431 2849 sopra
446 2783 623 2849 posteriorem
641 2797 659 2832 a
673 2782 770 2848 posuit
783 2797 816 2832 m.
831 2781 861 2847 2)
876 2779 910 2832 N
922 2782 926 2849 Ι
944 2779 993 2832 sed
1006 2779 1068 2833 BL
1084 2782 1088 2848 Ι
1105 2795 1148 2834 ec·

131 2867 194 2905 cese
213 2850 287 2906 ultro
304 2851 338 2904 N
348 2854 357 2918 ΙΙ
372 2861 387 2904 8
408 2851 462 2904 fati
481 2869 501 2906 a.
521 2868 573 2905 nec
592 2851 618 2903 L
634 2853 638 2918 Ι
655 2867 719 2903 cum
737 2853 768 2904 io
787 2867 874 2918 quum
891 2852 1009 2905 mutavit
1026 2850 1067 2904 Β1
1086 2855 1096 2920 Ι
1115 2856 1148 2904 10

130 2921 293 2976 Affectabat
307 2923 333 2975 L
347 2925 356 2991 ΙΙ
371 2927 402 2974 11
419 2922 511 2976 sicilia
525 2925 558 2976 iii
572 2921 694 2975 siciliam
708 2924 826 2976 mutavit
840 2921 873 2975 N
878 2921 888 2952 ²
901 2922 911 2989 ΙΙ
926 2925 959 2973 13
973 2919 1147 2975 sollicitante

131 2993 266 3062 praedam
284 2995 316 3046 in
335 2992 507 3046 sollicitandi
525 2993 631 3062 praeda
650 2995 767 3047 mutavit
784 2992 824 3045 B¹
838 2996 847 3058 Ι
862 2997 896 3044 14
915 2990 1028 3046 nouitas
1043 3023 1077 3032 -
1091 2991 1148 3045 uir·

131 3065 192 3116 tute
213 3065 253 3117 bic
266 3065 376 3132 scripsit
389 3064 425 3127 B,
445 3067 491 3119 sed
504 3067 657 3133 posteriora
671 3081 750 3118 erosa
764 3071 829 3118 silari
845 3065 849 3131 Ι
865 3064 962 3116 tamen
975 3063 1057 3115 tanta
1072 3063 1148 3118 Voss.

131 3135 214 3187 tanta
237 3137 333 3186 tamen
357 3133 416 3187 Bc
436 3135 546 3190 Monac.
572 3136 663 3190 Palat.
689 3136 693 3201 Ι
719 3133 835 3189 inducia
859 3134 887 3187 B
909 3136 918 3202 ΙΙ
942 3138 974 3186 17
1000 3132 1151 3188 dimicaret

131 3206 251 3260 Iahnius
273 3206 282 3272 ΙΙ
304 3210 337 3258 18
357 3205 451 3259 coss<
472 3208 591 3276 (otrpoto
609 3208 697 3274 eroso)
716 3205 751 3260 N
765 3204 927 3258 consulibus
947 3205 973 3257 L
989 3206 993 3273 Ι
1009 3205 1071 3257 tum
1085 3211 1150 3274 post

131 3276 236 3330 fretum
255 3277 318 3329 add.
341 3276 364 3330 0
374 3277 383 3344 ΙΙ
398 3281 431 3331 19
449 3276 584 3330 infamem
598 3277 632 3330 N
645 3277 720 3330 fame
734 3278 756 3330 I
768 3278 772 3344 Ι
788 3274 941 3329 uiolentem
960 3277 970 3343 (
995 3278 1151 3331 caterina-em

133 3363 148 3401 e
167 3348 304 3415 exportarit
322 3354 347 3401 et
365 3365 383 3400 v
401 3364 488 3417 supra
501 3350 597 3416 posuit
614 3365 648 3402 m.
667 3350 697 3417 2)
717 3349 751 3401 N
760 3350 769 3415 Ι
788 3352 822 3400 20
841 3347 933 3416 ipsam
951 3292 1033 3399 ilpm
1053 3345 1077 3401 0
1091 3350 1102 3416 Ι
1115 3351 1149 3399 21

132 3418 209 3486 quod
227 3417 364 3471 uelocitas
383 3418 500 3472 nauium
513 3418 586 3471 mari
604 3417 749 3471 iuuaretur
767 3426 831 3473 onte
851 3416 1006 3485 statimque
1019 3417 1083 3472 add.
1100 3417 1129 3472 A
1142 3418 1152 3479 ll

133 3495 167 3542 22
187 3484 331 3541 iberonem
345 3490 371 3542 L
389 3488 541 3558 hyeronem
554 3489 577 3541 I
588 3488 592 3560 Ι
609 3488 802 3543 siracusanum
817 3490 844 3542 L
860 3493 864 3558 Ι
879 3504 975 3557 regem
989 3493 1053 3543 ante
1067 3490 1152 3543 tanta

119 3559 186 3611 add
210 3558 240 3612 0
242 3561 256 3628 Ι
269 3559 341 3614 uicit
363 3560 407 3630 ΟΙΙ
421 3567 456 3615 23
475 3559 586 3633 seprius
607 3561 638 3616 N
655 3577 686 3615 se
703 3558 783 3630 prius
803 3560 828 3613 L
1101 3556 1106 3562 “
