2436 3826
352 723 623 800 PRAEFATIO
651 725 796 802 EDITO
830 727 874 802 Is

177 905 292 967 Tardos
314 903 384 965 illos
408 906 529 984 quidem
552 906 604 968 sed
626 911 723 970 certos
747 911 778 969 et
801 907 937 969 efficaces
961 925 1026 970 esse
1047 908 1123 973 artis

108 996 233 1057 criticae
268 994 300 1055 in
336 997 474 1056 veterum
511 997 692 1075 scriptorum
722 997 809 1080 libris
840 998 1022 1060 exercitatae
1053 1017 1123 1077 pro-

110 1103 232 1164 gressus
264 1084 364 1144 nescio
396 1103 436 1144 an
467 1087 552 1148 nullo
585 1087 646 1147 alio
676 1087 812 1166 exemplo
839 1086 1041 1148 luculentiora
1068 1089 1125 1146 aut

111 1172 317 1235 manifestiore
340 1173 528 1252 comprobari
550 1176 648 1253 possit
670 1195 762 1255 quam
784 1175 867 1238 Flori
890 1177 1022 1255 epitoma
1045 1193 1123 1254 quae

109 1264 208 1323 fertur
233 1262 380 1323 historiae
406 1263 567 1325 Romanae.
614 1265 667 1343 qui
700 1264 823 1326 libellus
855 1284 925 1325 cum
958 1266 997 1328 ob
1024 1264 1125 1343 operis
1189 1279 1191 1283 ·

111 1352 233 1414 Liviani
263 1351 419 1412 raritatem
452 1356 484 1412 et
511 1354 742 1432 amplitudinem
769 1353 862 1415 medii
892 1355 960 1416 sevi
988 1356 1020 1414 et
1047 1352 1125 1415 anti·

112 1441 240 1519 quitatis
262 1441 445 1501 renascentis
468 1443 656 1520 temporibus
678 1444 711 1503 in
734 1442 849 1503 deliciis
871 1462 932 1504 nou
956 1443 1055 1503 solum
1078 1442 1127 1504 vi·

111 1550 216 1590 rorum
234 1529 392 1590 doctorum
410 1522 532 1613 esset¹),
555 1530 718 1592 sedetiam
739 1531 876 1610 puerulis
898 1530 930 1589 in
953 1531 1065 1592 scholis
1087 1528 1127 1591 ad

112 1617 287 1679 discendam
304 1617 462 1679 historiam
479 1611 740 1703 proponeretur'),
762 1620 822 1682 diei
840 1619 891 1682 vix
908 1621 1012 1698 potest
1030 1638 1127 1699 quau-

117 1867 119 1871 ,
186 1808 213 1878 1)
230 1806 372 1874 Petrossa,
391 1804 440 1874 qui
453 1804 530 1861 Flori
547 1808 739 1876 floremrssirsa
752 1809 882 1864 breuitate
895 1809 934 1864 ad
946 1807 1128 1877 mercedes

116 1879 146 1934 Τ.
166 1878 245 1933 Issit
261 1878 393 1948 reliquias
410 1894 438 1933 se
455 1879 610 1934 auimatum
627 1895 681 1934 esse
704 1877 766 1949 ipse
784 1878 927 1949 professus
947 1880 1003 1947 est,
1027 1875 1128 1946 quanti

112 1949 196 2004 illum
217 1947 318 2003 fecerit
341 1947 447 2002 videsis
470 1965 488 2003 u
508 1949 547 2003 ud
569 1948 599 2005 P.
624 1949 660 2005 de
682 1949 793 2005 Nolhac
817 1949 982 2018 ‘Petrarque
1005 1951 1036 2003 st
1056 1947 1129 2002 l'hu-

114 2020 263 2075 mauisme’
304 2063 310 2074 .
326 2024 379 2074 244
387 2037 429 2089 sq.
464 1967 515 2077 Pi.
534 2036 600 2075 vero
622 2020 777 2076 Beroaldus
799 2020 831 2075 in
849 2021 972 2091 epistula
990 2020 1028 2074 ad
1045 2018 1076 2074 P.
1091 2019 1128 2074 M.

114 2092 245 2148 Itubeum
257 2037 334 2146 shri
352 2090 471 2146 editioni
488 2092 643 2162 praemissa
661 2093 731 2148 haec
751 2092 835 2148 dixit:
863 2094 957 2148 orsuiu
975 2091 1010 2147 L.
1026 2090 1131 2146 Florus

115 2195 152 2204 -
169 2194 205 2206 -
222 2195 256 2203 -
275 2164 317 2218 ito
338 2164 402 2218 scite
424 2165 545 2235 eolleyr‘t,
571 2165 613 2219 ltu
631 2166 767 2221 enucleate
786 2165 916 2220 distinxit
920 2205 930 2232 ,
956 2165 998 2220 tta
1016 2163 1131 2219 Merite

114 2236 265 2302 enerravit,
277 2241 310 2289 st
319 2241 418 2289 ewsoto
430 2240 563 2306 torrorem
576 2236 608 2290 trs
621 2236 727 2292 allustrr'
734 2236 829 2306 positu
841 2240 1014 2291 summoto
1026 2233 1132 2288 intueri

114 2313 142 2362 et
154 2305 372 2376 comprehendere
383 2306 515 2373 fooids'me
527 2323 617 2377 queas.
645 2308 762 2362 ddecus
776 2311 814 2361 est
827 2306 973 2373 uehemens,
985 2305 1132 2360 distinctus

115 2379 221 2445 sortus,
238 2378 325 2433 &eois
342 2378 493 2432 comitatus
511 2393 573 2432 cum
589 2379 731 2448 splendore
749 2395 782 2432 oe
801 2379 859 2432 luce
877 2377 1027 2432 sertorum.
1167 2399 1169 2404 ·

189 2451 217 2518 2)
235 2463 270 2501 ex
287 2463 391 2517 magno
410 2446 546 2502 similium
563 2447 791 2504 testimoniorum
807 2464 924 2503 numero
944 2447 1000 2502 due
1018 2448 1133 2501 tantum

116 2518 261 2590 ignotiora
278 2534 435 2588 proponam
452 2534 468 2573 e
481 2518 562 2573 libris
575 2536 662 2575 manu
676 2518 789 2590 scriptis
805 2518 946 2589 epitomae
960 2516 1068 2573 saeculi
1080 2514 1133 2572 XV

55 2604 57 2608 “
117 2588 217 2661 petita,
241 2589 362 2658 alterum
379 2588 561 2645 Taurinensis
581 2596 665 2647 10572
697 2591 784 2647 Neruo
806 2592 898 2647 serim
915 2589 1003 2646 Neruo
1026 2590 1133 2644 merlus

119 2661 208 2717 Nemo
238 2662 365 2717 ursatius
394 2663 511 2731 scripsit.
545 2660 589 2731 (ef.
617 2661 693 2717 infra
725 2662 760 2717 de
793 2663 802 2690 ‘
829 2661 972 2732 rologo')‚
1012 2659 1134 2715 alterum

119 2731 225 2787 codicis
257 2731 448 2788 bibliothecae
474 2731 606 2803 publicae
633 2733 731 2804 oppidi
758 2732 801 2790 Ga
827 2733 862 2787 'ci
889 2733 974 2788 Arras
1001 2749 1043 2787 ur.
1068 2735 1134 2788 902:

119 2803 188 2859 Ros.
205 2802 353 2874 &apulsus
370 2804 405 2858 L.
424 2803 518 2860 Arrrter'
536 2804 620 2860 Flore'
637 2806 780 2861 lectoribus
802 2806 917 2860 salutern
935 2809 1028 2874 optat.-
1062 2801 1135 2871 Quos

118 2876 200 2930 rullo
225 2876 258 2930 tre
284 2876 364 2930 terris
389 2878 558 2932 concluserat
583 2892 633 2931 oro
708 2878 777 2932 '‘tes
799 2876 859 2932 Heo
883 2876 965 2931 Flori
994 2874 1136 2928 oberatos

117 2963 209 3017 porra
230 2947 331 3002 tubello
352 2948 443 3016 sapin
465 2947 507 3003 Et
524 2965 644 3018 qumque
684 2949 859 3019 ‚puerum
882 2946 985 3003 eximio
1002 2944 1137 3013 producit

121 3018 222 3072 Motus
240 3024 300 3073 uste
313 3018 396 3072 Bella
408 3020 490 3074 duces
504 3036 620 3089 pompus
637 3021 691 3075 rr'te
707 3026 805 3075 macto
817 3025 896 3074 teret.
927 3016 986 3087 Quo
1000 3013 1029 3084 (l.
1046 3015 1136 3086 Quod)

120 3106 181 3145 uere
197 3090 318 3160 caerulo
335 3090 410 3146 robis
427 3097 532 3160 sperate
549 3091 677 3158 fetorum
702 3090 758 3162 Qui
779 3091 857 3157 fama
874 3095 899 3144 et
921 3092 1035 3158 wasta
1059 3087 1139 3156 fertis

121 3163 154 3215 to
171 3167 249 3216 ostra
266 3161 397 3232 melers:
420 3162 487 3217 Post
503 3163 622 3216 tumidos
643 3163 735 3230 suas,
754 3167 898 3231 postserra
912 3159 1040 3229 periculo
1057 3159 1139 3214 sortis

122 3233 171 3287 Ad
187 3248 281 3288 murres
298 3238 393 3302 ruptos
410 3249 457 3288 oos
474 3234 562 3289 breem
579 3250 654 3288 urso
671 3239 747 3304 tepet.
771 3263 805 3272 —
829 3232 915 3299 atque
934 3229 1005 3285 adeo
1024 3227 1138 3284 saeculo

123 3302 234 3358 decimo
248 3302 368 3373 septimo
383 3302 460 3358 Flori
473 3320 577 3359 noman
589 3302 621 3358 in
635 3320 698 3359 eam
710 3301 856 3359 notionem
866 3300 940 3356 abiit
953 3302 986 3356 ut
1006 3318 1140 3359 suorum·

120 3373 195 3429 libet
212 3373 360 3430 historiam
377 3374 516 3430 bellorum
534 3374 714 3445 significaret.
742 3373 840 3442 itaque
853 3373 885 3429 Ε.
899 3372 1141 3440 Wassenbergius

123 3444 313 3501 Embricensis
332 3445 434 3501 seriem
450 3445 590 3501 bellorum
608 3449 676 3501 tunc
694 3446 726 3501 in
739 3443 896 3501 Germania
913 3446 1071 3514 gestorum
1088 3444 1124 3491 ct
1137 3454 1163 3488 s·
