2430 3832
395 165 596 216 PRAEFATIO
615 166 787 217 EDITORIS
1007 164 1098 219 XXXI

80 329 330 408 inscriptionibus
356 331 558 410 cognovimus,
583 335 729 410 quattuor
750 333 844 393 libros
866 333 979 393 habeat
1001 334 1096 393 mani·

81 419 195 478 festum
227 422 279 480 est.
330 439 401 479 nam
433 439 502 479 cum
531 439 550 479 a
581 420 671 480 Floro
704 422 769 498 ipso
802 426 947 500 quattuor
980 425 1097 482 aetates

80 509 190 584 populi
212 509 340 568 Romani
366 509 494 568 indicari
520 509 609 569 initio
633 512 731 587 operis
753 511 892 589 vidisset,
920 512 997 570 banc
1020 512 1095 573 divi·

82 597 198 656 sionem
221 598 308 675 sequi
330 598 448 676 maluit,
471 599 584 676 quippe
603 618 680 676 quae
699 600 804 677 altera,
828 601 914 660 cuius
932 600 1002 659 libri
1021 602 1096 659 satis

81 686 167 763 longi
202 692 291 763 sunt,
331 687 488 765 aliquanto
527 691 606 747 esset
642 689 834 748 commodior.
879 693 971 766 atque
1004 689 1096 766 primi

82 773 205 852 quidem
231 776 302 835 libri
330 776 458 836 eundem
486 776 515 835 ei
542 776 633 836 finem
661 778 795 837 statuere
818 777 907 837 licuit
929 797 1019 855 quem
1042 778 1096 837 ille

81 864 304 925 adulescentiae
332 865 405 925 feoIt
434 897 472 906 -
502 884 573 924 nam
599 866 742 944 infantia,
773 867 859 926 cuius
887 866 946 927 duo
974 870 1095 926 tantum

80 953 183 1029 capita
206 957 286 1032 sunt,
308 954 462 1032 integrum
484 954 595 1013 librum
619 956 737 1031 explere
760 975 820 1015 non
841 956 953 1016 licebat
978 987 1033 1030 -,
1062 957 1094 1015 in

81 1043 190 1102 ceteris
213 1062 283 1103 vero
309 1043 382 1120 quin
400 1061 419 1101 a
438 1043 582 1119 scriptore
601 1044 785 1121 discreparet
803 1044 869 1104 fieri
886 1065 946 1105 non
964 1049 1094 1123 poterat,

80 1149 150 1190 cum
173 1131 225 1190 ille
249 1133 422 1210 senectutis,
445 1152 536 1209 quam
559 1133 597 1191 ab
615 1132 756 1213 Augusto
781 1135 820 1193 ad
838 1134 1002 1194 Traianum
1025 1154 1094 1211 per-

79 1220 176 1280 tinere
208 1221 315 1298 voluIt,
346 1221 505 1281 historiam
536 1241 596 1281 non
628 1227 787 1283 narrasset
836 1243 927 1300 quam
960 1224 997 1283 ob
1029 1244 1093 1283 rem

79 1309 151 1368 libri
172 1311 257 1369 tertii
279 1310 401 1369 initium
424 1310 497 1370 fectt
520 1329 538 1369 a
561 1312 632 1370 bollo
650 1312 835 1386 Icpurtbieo,
859 1313 962 1390 quarti
983 1332 1001 1371 a
1021 1314 1093 1372 bello

81 1396 234 1471 Catilinae,
259 1418 335 1476 quae
359 1399 489 1459 labentis
512 1401 555 1458 rei
577 1401 717 1477 publicae
736 1402 887 1460 Romanae
910 1402 1092 1461 manifestis·

81 1487 158 1546 sima
181 1487 269 1566 signa
292 1507 328 1546 ex
352 1488 491 1547 Sallustii
513 1489 599 1548 libris
623 1492 814 1568 cognoverat.

147 1576 206 1635 Sed
230 1577 362 1637 obicient
385 1576 548 1636 adversarii
567 1578 714 1637 librorum
733 1578 879 1638 diuisione
897 1579 1092 1655 capitumque

77 1663 226 1724 indicibus
249 1685 309 1725 non
332 1665 406 1724 satis
428 1666 549 1741 probari
567 1665 637 1724 libri
654 1667 680 1724 B
698 1667 926 1743 praestantiam,
945 1667 977 1724 in
995 1667 1093 1743 ipsam

78 1772 201 1813 arenam
224 1754 464 1814 descendendum
487 1772 551 1814 esse
574 1757 605 1814 et
628 1754 669 1814 de
692 1754 941 1814 recensionum
959 1753 987 1812 A
1007 1759 1043 1814 et
1066 1753 1214 1814 Oreeension

78 1843 274 1919 scripturis
298 1843 510 1902 dimicandum.
549 1843 702 1903 diremisse
727 1846 829 1902 autem
851 1843 937 1902 libem
959 1843 1090 1904 Beckius
1125 1824 1215 1913 ΜΘΝ

77 1931 136 1991 sibi
158 1932 242 1993 visus
265 1936 324 2010 est,
352 1951 421 1992 cum
451 1927 611 1994 ‘observat
636 1927 713 1992 crib?
736 1953 764 2008 p.
783 1933 866 1992 XXX
889 1932 1033 1992 scriberet
1057 1953 1093 1993 ex

78 2019 124 2080 OC
152 2021 214 2080 fere
241 2021 315 2081 locta
344 2021 376 2079 in
399 2021 423 2079 B
448 2021 598 2082 CXXXIX
625 2026 783 2098 corruptos
814 2024 869 2081 aut
891 2021 1093 2098 interpolatos

77 2127 151 2186 esse,
170 2109 257 2169 XXII
275 2111 340 2171 veri
359 2109 457 2170 simile
476 2129 539 2170 esse
558 2131 617 2170 non
636 2111 781 2187 praebere
800 2131 903 2172 veram
922 2111 1092 2189 lectionem,
1157 2184 1162 2202 ι

76 2198 109 2258 in
131 2199 161 2258 N
184 2199 286 2258 LVIII
313 2203 344 2258 et
371 2199 415 2277 ΙΙ,
442 2200 473 2258 in
496 2200 521 2259 L
543 2200 630 2260 Voss.
654 2199 738 2260 Harl.
761 2201 805 2259 XI
832 2204 863 2260 et
887 2200 910 2259 Ι.
957 2204 1092 2261 attamen

77 2288 105 2347 si
132 2289 170 2347 ad
198 2289 330 2348 calculos
352 2289 487 2349 vocanda
509 2308 556 2348 res
580 2292 654 2365 erat,
684 2309 744 2348 non
767 2290 878 2348 licebat
901 2288 948 2348 OC
971 2292 1093 2350 tantum

77 2377 160 2436 locos
184 2377 380 2437 considerare.
428 2397 529 2438 omnes
558 2379 594 2437 de
623 2398 751 2455 quorum
782 2379 932 2455 scriptura
955 2379 1089 2440 dubItari

75 2469 178 2542 potest
205 2466 367 2525 adhibendi
395 2471 481 2526 erant
512 2486 608 2544 neque
632 2469 714 2526 ullus
738 2468 792 2545 qui
815 2486 833 2526 a
855 2468 880 2526 B
905 2471 960 2527 aut
984 2467 1088 2529 Orosio

76 2557 140 2614 stat
161 2555 355 2615 omIttendus.
399 2557 478 2632 quod
502 2575 571 2614 cum
594 2556 646 2615 ille
668 2558 797 2615 maxime
821 2556 876 2614 sub
900 2557 991 2615 finem
1015 2558 1089 2617 satis

76 2643 179 2703 crebro
202 2637 340 2724 fecerIt¹)
371 2646 402 2702 et
430 2643 465 2702 de
493 2636 598 2702 multis
626 2644 700 2704 locis
723 2645 755 2703 in
778 2645 900 2703 tabulas
923 2644 960 2703 ab
985 2665 1019 2706 eo
1042 2666 1088 2704 re·

76 2732 148 2792 latis
180 2733 269 2793 aliter
300 2733 429 2791 iudicari
459 2751 547 2808 posse
578 2736 683 2809 pateat
715 2736 745 2792 et
776 2733 945 2792 iudicatum
978 2735 1018 2792 sit
1051 2734 1088 2791 ab

75 2821 182 2881 Iabnio
197 2823 333 2900 aliisque,
349 2824 380 2881 et
394 2823 474 2880 hunc
490 2825 521 2880 et
533 2821 680 2880 Beokium
694 2822 725 2880 in
739 2823 829 2881 Floro
844 2821 1033 2898 recensendo,
1051 2823 1089 2879 si-

76 2908 191 2969 militer
205 2930 239 2970 ac
253 2930 349 2987 nuper
364 2911 417 2969 alii
431 2911 490 2971 viri
503 2910 584 2969 docti
602 2910 634 2967 in
653 2911 820 2970 Pausaniae
834 2910 892 2968 fide
910 2911 1090 2986 pensilanda

76 2999 226 3077 fecerunt,
258 3000 478 3059 causidicorum
509 2999 626 3076 potins,
659 3019 733 3075 quos
765 3019 856 3076 quam
884 2998 990 3058 acerbo
1019 2999 1088 3057 odio

75 3087 204 3147 maiores
227 3089 322 3147 nostri
344 3088 496 3165 persecuti
520 3089 580 3147 sint
603 3089 710 3147 Florus
733 3089 799 3165 ipse
823 3087 957 3164 tradidIt,
985 3090 1088 3164 partes

76 3176 174 3254 egisse
202 3177 391 3254 intellegItur
419 3197 509 3255 quam
537 3178 671 3236 iudIcum
695 3196 867 3254 aequorum.
920 3196 990 3234 nam
1018 3195 1088 3234 eum

77 3265 210 3326 codicem
238 3285 327 3343 quem
355 3266 412 3326 sibi
441 3267 547 3326 ducem
580 3267 734 3343 elegerant
765 3266 809 3325 ila
841 3266 1022 3324 adamarunt
1050 3268 1088 3323 ut

299 3354 314 3383 9

148 3473 175 3540 1)
197 3470 382 3540 plurimarum
409 3471 579 3526 recensionis
603 3470 622 3526 Ο
649 3471 815 3525 lacunarum
841 3487 946 3539 paucas
974 3472 1087 3524 tantum

75 3541 243 3598 memoravit
260 3541 388 3597 Beckius.
