2436 3826
541 199 656 251 INDEX

109 361 150 409 11.
177 354 355 410 Germaniam
370 354 569 428 ineiussshono-

108 444 167 481 rem
193 425 367 496 provinciam
394 426 487 481 facere
513 428 569 480 Au-

109 500 208 569 gustus
228 497 401 567 concupiscit
422 503 529 567 173,17

91 568 568 639 OctaviusCaesarAugustus

108 658 125 694 a
148 640 176 695 C.
202 639 320 694 Caesare
347 639 428 694 heres
453 639 568 694 relictus

107 718 172 780 154,
196 717 238 766 23.
286 727 347 765 eum
382 728 569 766 successorem

106 783 233 837 Caesaris
247 782 385 837 Antonius
404 782 569 853 indignatur

106 859 210 924 155,5.
238 858 342 922 156,3.
380 854 504 908 Fortuna
532 857 568 909 ad

105 943 169 979 eum
216 925 364 995 imperium
410 926 569 980 Romanum

103 997 239 1050 transfert
262 1002 326 1066 155,
342 1002 383 1053 14.
422 1000 517 1052 aetate
540 1001 569 1052 61

105 1068 209 1122 iniuria
229 1067 395 1124 favorabilis
414 1068 570 1124 Antonium

107 1140 144 1194 ad
153 1140 294 1194 Mutinam
309 1140 387 1194 exuit
396 1140 496 1194 castris
508 1146 568 1209 156,

107 1217 149 1266 12.
184 1229 316 1281 agrorum
335 1211 503 1265 divisionem
521 1229 568 1266 ve-

104 1281 211 1335 teranis
236 1281 325 1351 patris
349 1282 472 1352 pretium
494 1283 568 1336 mili-

105 1352 163 1405 tiae
182 1352 318 1421 persolvit
338 1357 397 1420 156,
409 1358 451 1407 20.
480 1353 567 1409 Anto-

102 1423 182 1476 nium
195 1423 328 1477 Perusiae
343 1423 380 1476 ad
395 1422 567 1479 deditionem

103 1494 238 1564 conpellit
252 1501 312 1564 157,
322 1500 346 1548 4.
377 1509 441 1548 eum
459 1494 566 1548 inultus

101 1568 184 1635 pater
203 1565 296 1635 agitat
316 1570 432 1633 157,14.
467 1565 566 1620 foedus

103 1654 167 1691 cum
185 1637 308 1692 Antonio
329 1638 359 1690 et
376 1635 482 1705 Lepido
502 1653 566 1690 con-

102 1709 185 1778 ponit
204 1715 263 1778 157,
279 1713 320 1764 16.
355 1707 565 1776 percussoribus

101 1781 191 1850 patris
220 1780 249 1833 in
274 1778 477 1850 proscriptione
501 1795 565 1832 con-

100 1855 331 1920 161111115813.
360 1867 423 1902 cum
441 1850 565 1904 Antonio

103 1923 133 1975 in
157 1922 284 1976 Cassium
307 1922 480 1988 Brutumque
504 1938 565 1974 suc-

103 1993 226 2063 cingitur
245 1999 305 2060 159,
321 1998 363 2046 10.
401 1993 467 2045 ante
484 2008 564 2062 proe-

102 2065 172 2117 lium
195 2066 272 2134 apud
290 2062 436 2132 Philippos
456 2062 486 2115 in
505 2062 564 2118 eius

102 2134 202 2189 castris
213 2135 308 2189 omnia
318 2150 385 2188 aves
395 2134 565 2203 promittunt

104 2212 202 2274 160,1.
234 2206 293 2260 eius
312 2205 437 2260 medicus
457 2206 564 2260 somnio

101 2277 261 2331 admonitus
285 2280 318 2330 ut
341 2277 369 2333 C.
394 2277 494 2330 castris
518 2294 563 2331 ex-

100 2350 212 2402 cederet
235 2354 299 2418 160,
319 2354 344 2404 3.
386 2348 446 2402 eius
470 2351 563 2403 castra

99 2423 184 2491 capta
203 2425 376 2489 160,10.15.
414 2419 563 2474 victoriam

98 2491 143 2545 illi
160 2491 268 2563 proelio
287 2508 362 2546 error
380 2492 431 2545 dat
448 2496 508 2560 160,
520 2497 561 2546 13.

99 2563 159 2618 eius
181 2580 268 2619 naves
289 2563 415 2617 incendit
434 2564 461 2617 S.
480 2562 562 2617 Pom-

97 2635 178 2705 peius
195 2640 305 2704 161,19.
334 2634 365 2688 in
379 2633 472 2688 Siculo
488 2633 562 2688 freto

98 2706 248 2776 Pompeius
271 2705 380 2759 iuvenis
404 2704 440 2757 ab
460 2720 493 2758 eo
512 2721 560 2774 op-

97 2794 210 2846 pressus
230 2781 347 2842 16113.
380 2775 504 2828 nondum
523 2777 560 2829 ad

96 2847 175 2915 pacis
193 2846 381 2899 stabilitatem
394 2844 559 2914 profecerat,

98 2934 162 2970 cum
176 2919 334 2986 superesset
346 2916 486 2970 Antonius
499 2922 559 2985 163,

98 2994 139 3042 ia.
182 2988 250 3041 litus
285 2987 433 3042 Actiacum
469 2987 560 3041 classe

98 3059 238 3130 succingit
257 3064 316 3127 167,
331 3066 355 3114 6.
393 3058 453 3111 eius
472 3075 558 3113 naves

97 3149 114 3186 a
133 3131 207 3185 binis
227 3131 256 3183 in
275 3147 356 3184 senos
375 3130 486 3183 ordines
501 3146 558 3184 616-

95 3206 196 3258 verant
214 3206 325 3270 167,15.
354 3200 471 3255 Antonii
489 3200 559 3255 victi

95 3274 224 3344 vestigiis
248 3273 337 3326 instat
356 3278 421 3341 168,
436 3277 460 3326 8.
498 3271 558 3326 61111

96 3345 191 3400 oculos
214 3345 318 3398 frustra
338 3346 461 3413 temptat
480 3343 557 3397 Cleo·

115 3419 178 3471 atra
202 3420 266 3484 168,
283 3421 324 3470 12.
363 3415 480 3469 Noricos
508 3431 558 3484 per

94 3435 216 3541 Drusum
233 3488 369 3568 perpacat
384 3491 496 3554 16114.
520 3485 557 3538 Il-

95 3558 197 3628 lyricos
212 3558 302 3613 vmcit
316 3564 376 3629 170,
386 3562 411 3614 4.
440 3557 470 3611 in
484 3556 556 3611 Pan-

1038 181 1115 263 aar·

641 357 741 411 nonios
778 358 932 412 domandos
968 357 1104 412 Vinnium

641 428 731 481 mittit
754 434 817 498 170,
835 435 876 486 13.
919 427 979 482 eius
1002 446 1105 484 nomen

641 499 726 553 armis
744 500 883 554 victorum
896 500 1104 555 Pannoniorum

641 570 671 623 in
684 571 868 640 profluentem
882 571 957 625 datis
972 571 1104 626 resisten-

640 642 717 696 tibus
736 643 884 696 nuntiatur
903 649 963 712 171,
979 649 1002 700 1.
1036 643 1102 697 Del-

640 716 732 766 matas
771 715 977 784 perdomandos
1016 713 1101 769 Vibio

640 785 758 838 mandat
776 790 836 853 171,
852 791 876 839 8.
914 785 1005 840 Dacos
1027 786 1102 839 ultra

640 856 800 909 Danuvium
831 856 964 927 perpellit
991 862 1054 926 173,
1077 862 1102 911 6.

641 926 784 981 Sarmatas
813 927 945 998 prohibet
972 928 1101 982 Danuvio

642 1003 758 1067 173,10.
797 998 976 1053 Germaniam
999 999 1030 1052 in
1052 999 1103 1053 ho-

640 1086 736 1124 norem
759 1071 848 1139 patris
869 1071 1043 1140 concupiscit
1060 1071 1103 1124 ia-

640 1156 701 1195 cere
713 1141 1011 1211 provinciam173,17.
1031 1143 1101 1195 Dru-

640 1227 687 1265 sus
716 1212 818 1266 missus
852 1214 888 1266 ab
922 1230 954 1266 eo
972 1213 1003 1266 in
1035 1213 1101 1267 Ger-

639 1282 763 1337 maniam
787 1289 848 1350 174,
864 1290 889 1337 4.
927 1283 1101 1338 Musulamos

640 1356 724 1422 atque
753 1354 887 1408 Gaetulos
916 1354 1001 1408 Cosso
1030 1355 1100 1408 duce

639 1425 783 1494 conpescit
803 1429 920 1493 176,17.
954 1425 1100 1478 Marmari-

639 1495 689 1548 das
713 1499 798 1563 atque
823 1495 1010 1551 Garamantas
1034 1494 1099 1559 Qui-

637 1565 710 1619 rinio
734 1565 904 1636 subigendos
929 1566 980 1620 dat
999 1571 1098 1635 177,1.

639 1639 736 1690 contra
750 1637 897 1691 Armenios
912 1636 941 1692 C.
952 1636 1100 1691 Gaesarem

637 1710 769 1778 nepotem
790 1726 871 1762 suum
889 1707 980 1761 mittit
999 1714 1058 1776 177,
1074 1715 1098 1763 ὅ.

638 1778 792 1833 Cantabros
803 1779 885 1847 quasi
892 1779 1015 1848 quadam
1023 1779 1100 1848 cogit

636 1849 770 1920 indagine
790 1856 906 1918 178,16.
945 1849 1098 1904 Cantabro-

636 1939 698 1975 rum
726 1921 777 1975 hos
807 1921 921 1976 deducit
946 1921 1098 1991 montibus,

635 1993 687 2046 hos
703 1992 848 2047 obsidibus
864 1992 1026 2074 adstringit,
1045 1992 1097 2046 hos

635 2065 782 2118 venundat
800 2068 917 2133 179,14.
954 2064 1098 2133 triumpho

636 2135 735 2206 augeri
774 2134 928 2189 contemnit
965 2140 1029 2204 173,
1055 2140 1096 2189 17.

635 2206 752 2260 Astures
778 2206 925 2276 opprimit
961 2224 1018 2261 non
1054 2206 1096 2259 in-

636 2280 751 2332 cruento
760 2277 1008 2345 certamine180‚8.
1023 2277 1096 2331 Lan-

635 2348 709 2403 ciam
737 2348 882 2404 civitatem
906 2350 942 2404 ab
965 2349 1096 2403 incendio

635 2423 850 2490 servat180,11.
871 2422 987 2474 Astures
1003 2423 1097 2474 castra

634 2510 685 2546 sua
707 2493 738 2545 in
760 2492 845 2563 plano
867 2491 997 2546 habitare
1016 2491 1097 2545 iubet

634 2568 748 2631 180,17.
774 2564 889 2617 Astures
909 2578 1036 2616 exercere
1051 2580 1095 2616 so-

633 2633 693 2687 lum
706 2634 786 2688 iubet
801 2639 859 2703 181,
871 2640 895 2688 5.
922 2650 1005 2686 ausus
1021 2649 1094 2687 anno

633 2703 702 2759 DCC
721 2705 758 2757 ab
776 2723 802 2759 u.
819 2722 840 2758 6.
860 2704 959 2757 Ianum
978 2703 1090 2756 cludere

634 2779 697 2844 182,
717 2780 742 2830 4.
786 2791 905 2843 pronum
936 2774 966 2827 in
998 2773 1094 2828 omnia

631 2845 708 2899 mala
728 2845 870 2898 saeculum
888 2844 998 2914 legibus
1017 2861 1093 2898 coer-

632 2920 677 2970 661
698 2922 760 2983 182,
776 2923 798 2970 7.
835 2915 958 2985 Augusti
980 2916 1093 2970 nomine

632 2990 661 3041 et
679 2987 763 3041 titulo
782 2988 960 3041 consecratur
978 2992 1090 3055 18111.

632 3057 811 3128 septingenti*
834 3058 900 3111 anni
928 3075 945 3111 a
972 3058 1091 3112 Romulo

630 3129 661 3182 in
680 3129 827 3183 Caesarem
845 3130 877 3183 A.
897 3135 922 3198 5,
937 3135 953 3182 2

613 3200 641 3255 C.
653 3200 887 3270 (1611011111
900 3200 930 3254 in
941 3199 1092 3270 penatibus

631 3272 688 3324 suis
713 3288 730 3324 a
746 3271 837 3325 Mario
856 3272 1014 3325 trucidatur
1031 3277 1091 3341 131,

631 3348 663 3396 17

612 3412 640 3467 C.
674 3412 811 3482 Caesar,
843 3413 965 3484 Augusti
995 3429 1090 3482 nepos,

628 3485 1089 3548 contraArmeniosmissus177‚5.

629 3573 666 3611 ex
680 3555 799 3612 16111616
816 3555 966 3610 occumbit
977 3560 1080 3616 m&

903 3639 958 3691 in*
