2436 3826
129 205 174 268 52
281 222 284 228 ·
494 205 606 256 rnonr
623 206 782 257 armeus

134 371 255 431 loedere
280 377 434 448 exceptam
452 368 598 429 Hannibal
622 387 724 429 causas
743 387 887 429 uovorum
905 376 1040 428 motuum
1059 387 1149 448 quae·

135 478 206 519 rens
236 467 265 519 et
293 461 356 518 suis
385 466 415 518 et
440 459 573 536 ipsorum
600 456 737 517 manibus
765 459 871 518 evertit
897 464 931 518 ut
953 455 1068 517 ltaliam
1092 458 1150 518 sibi

98 554 221 627 erupto
246 548 365 607 loedere
390 549 527 625 aperiret.
565 563 679 606 summa
702 545 855 606 foederum
877 545 1019 606 Romanis
1042 545 1149 626 religio

131 644 192 717 est3
217 639 316 714 itaque
341 635 377 695 ad
399 635 533 695 auditum
558 637 654 695 sociae
679 636 805 694 civit-atis
825 633 974 695 obsidium
996 653 1148 696 memores

132 728 184 786 icti
217 743 285 784 cum
317 724 425 784 Poenis
458 741 575 802 quoque
608 723 737 783 foederis
769 741 829 782 non
862 725 961 783 statim
994 724 1030 783 ad
1064 742 1147 785 arma
1172 738 1184 780 a

97 831 112 877 o
131 819 322 893 procurrunt,
342 812 413 872 dum
432 815 517 891 prius
532 830 614 871 more
629 811 760 890 legitimo
776 813 862 890 queri
876 810 996 872 malunt.
1034 811 1149 890 Sagun·

133 905 188 962 tini
220 903 341 961 interim
374 904 433 960 iam
465 918 571 960 norem
604 899 757 960 mensibus
789 900 861 961 lessi
893 900 970 960 lame
1002 900 1149 961 machinis

134 990 226 1068 ierro,
259 1007 344 1048 versa
376 989 505 1066 denique
538 991 569 1047 in
602 988 715 1048 rabiem
747 989 804 1048 fide
836 990 986 1049 inmanem
1019 991 1051 1049 in
1085 990 1149 1049 foro

134 1079 264 1137 excitant
291 1094 409 1157 rogum,
441 1083 505 1137 tum
535 1077 664 1156 desuper
692 1096 723 1137 se
753 1095 883 1155 suosque
912 1097 980 1138 eum
1008 1077 1149 1138 omnibus

100 1184 114 1231 u
135 1165 241 1244 opibus
265 1167 328 1224 suis
351 1165 430 1224 ferro
450 1173 479 1226 et
497 1168 565 1244 igne
585 1174 788 1244 corrumpunt.
825 1166 915 1226 huius
933 1173 1033 1227 tantae
1052 1164 1186 1226 eladis1⁰

135 1261 237 1314 auctor
273 1253 418 1314 Hannibal
454 1257 595 1333 poscitur.
646 1254 911 1333 tergiversantibus
943 1255 1052 1315 Poenis
1090 1255 1149 1315 dux

135 1338 418 1425 legationist‘quae'
442 1345 538 1420 iuquit
562 1339 656 1403 ‘mora
680 1339 762 1403 est?'
789 1342 924 1420 [Fabius]
949 1339 991 1403 ‘in
1015 1344 1072 1403 hoe
1095 1361 1149 1422 ego

136 1434 204 1493 sinu
226 1430 337 1491 bellum
361 1449 522 1509 pacemque
546 1440 646 1512 porto;
669 1438 770 1492 utrum
794 1426 941 1509 eligitis?'
966 1430 1149 1493 succlaman-

135 1520 215 1580 tibus
244 1514 400 1580 ‘bellumi'
428 1515 554 1580 ‘bellum
583 1516 689 1598 igitur'
714 1522 812 1598 inquit
835 1515 997 1598 ‘accipite'
1044 1528 1074 1580 et
1099 1539 1148 1581 ex·

22 1675 28 1685 ,
136 1627 222 1669 cusso
255 1611 286 1667 in
318 1608 415 1667 media
447 1611 529 1668 curia
561 1615 646 1686 togae
679 1610 791 1687 gremio
823 1626 884 1668 nou
916 1611 981 1669 sine
1011 1608 1147 1689 horrore,
1162 1619 1186 1660 1⁵

137 1700 219 1776 quasi
244 1696 330 1775 plane
354 1699 422 1756 sinu
444 1696 556 1757 bellum
579 1696 679 1777 terret,
703 1697 814 1757 effudit.

101 1803 117 1851 a
204 1784 315 1845 Similis
349 1787 445 1844 exitus
480 1784 550 1845 belli
578 1786 673 1845 initiis
701 1785 764 1845 tuit.
815 1803 884 1845 nam
912 1787 996 1864 quasi
1023 1785 1078 1845 bas
1106 1788 1150 1845 in·

137 1875 226 1934 serias
259 1873 317 1933 sibi
349 1872 581 1951 Saguntinorum
613 1873 734 1934 ultimae
768 1874 850 1933 dirae
883 1875 914 1933 in
946 1873 997 1933 illo
1030 1873 1150 1952 publico

137 1961 297 2042 parricidio
335 1960 532 2039 incendioque
565 1962 767 2043 mandassent,
804 1964 845 2021 ita
877 1961 1014 2022 manibus
1046 1979 1152 2022 eorum

137 2051 299 2111 vastatione
322 2048 432 2128 ltaliae,
456 2051 623 2127 captivitate
643 2050 766 2129 Africae,
790 2050 900 2111 ducum
923 2057 953 2111 et
973 2068 1079 2129 regum
1099 2053 1150 2129 qui
1163 2060 1187 2100 ²⁰

102 2152 118 2199 9
138 2138 168 2198 irl
192 2155 310 2215 gessere
333 2135 445 2196 bellum
468 2139 559 2197 exitio
578 2145 765 2216 parentatum
785 2147 839 2197 est.
876 2141 968 2216 igitur
986 2137 1039 2198 ubi
1058 2139 1169 2209 semel,

140 2244 171 2285 se
199 2227 230 2284 in
253 2224 394 2302 Hispania
421 2227 513 2284 movit
540 2225 589 2286 illa
617 2229 714 2304 gravis
743 2234 772 2286 et
796 2226 930 2287 luctuosa
952 2227 1058 2288 Punici
1080 2226 1151 2288 belli

210 2413 232 2465 I
247 2417 261 2464 1
281 2394 399 2482 excepta
417 2413 534 2468 annibal
551 2413 649 2484 (annib
664 2416 750 2483 periit
767 2415 957 2484 anseromiae)
972 2415 999 2468 Β
1016 2417 1019 2483 Ι
1037 2413 1155 2468 annibal

140 2487 162 2538 I
179 2485 184 2552 1
206 2485 335 2536 mutuum
354 2483 380 2536 L
403 2487 412 2553 ΙΙ
435 2490 450 2537 2
475 2487 503 2538 et
526 2501 639 2539 suorum
658 2485 685 2538 A
710 2487 714 2553 Ι
739 2484 826 2538 uertit
844 2485 872 2538 Β
895 2488 904 2555 l
927 2491 943 2538 3
966 2485 1107 2554 phoedone
1129 2491 1154 2540 et

140 2554 312 2678 fhoeclerum
334 2554 362 2607 Β
385 2556 394 2638 [Ι
418 2561 433 2609 5
455 2554 656 2642 ¹phoederisolff
678 2559 688 2625 [1
711 2562 726 2610 6
746 2554 899 2640 morelegit·
917 2555 1011 2637 immo·
1028 2559 1060 2610 iu
1078 2571 1155 2610 mora

142 2628 404 2751 ‘gbmimlllllt
417 2626 993 2752 ll‘lsinleH·0HaHblit“⁸lb
1003 2643 1156 2752 mititte

140 2716 313 2822 lll1manenin
331 2769 388 2822 cod.
405 2767 465 2821 Vol.
480 2768 611 2822 Iordanis
624 2769 663 2834 119
683 2741 832 2837 omnpibus
851 2741 913 2836 (mn
928 2741 1090 2838 expunctae)
1107 2768 1134 2821 L
1147 2770 1156 2839 ll

142 2845 175 2893 10
194 2838 255 2908 igni
275 2838 321 2893 01
336 2841 341 2907 1
362 2840 548 2907 conrumpunt
566 2841 588 2892 I
604 2842 607 2905 Ι
628 2838 711 2892 huius
735 2839 833 2892 tantae
852 2839 1053 2908 uberioribus
1071 2841 1157 2894 erasis

141 2912 168 2964 Β
182 2914 191 2976 ΙΙ
208 2916 238 2961 11
250 2910 332 2962 autor
342 2906 458 2961 annibal
468 2910 544 2963 codd.
552 2909 634 2964 Heia.
645 2911 707 2964 Pal.
718 2910 850 2964 Iordanis
860 2907 978 2962 annibal
988 2911 1086 2962 auctor
1096 2910 1155 2965 Vol.

141 2981 273 3036 Iordanis
289 2980 296 3060 l
311 2980 367 3059 dun
385 2978 536 3061 legationis
555 2980 605 3034 dcl.
625 2982 770 3063 Iahniusjl
789 2984 822 3034 12
842 2979 942 3048 inquid
961 2979 992 3061 (ci
1010 2982 1042 3061 ira
1059 2983 1073 3033 t
1090 2987 1157 3064 mut.

141 3056 234 3177 1111.
242 3049 394 3189 bittit
407 3049 565 3191 lllltblul
573 3051 1160 3191 attumulatiinaltant}

142 3209 268 3264 mediam
288 3208 395 3262 curiam
413 3209 440 3261 L
458 3210 569 3265 Monac.
589 3211 681 3265 Palot.
708 3211 713 3278 Ι
737 3193 831 3263 lorrore
855 3211 981 3278 (spiritus
1003 3226 1039 3263 m.
1058 3211 1086 3276 1)
1104 3210 1133 3263 Β
1152 3214 1161 3280 ji

143 3286 176 3334 17
195 3279 277 3333 initio
298 3279 388 3348 01119
408 3279 538 3333 manibus
558 3283 586 3349 (a
604 3297 638 3336 ea
657 3296 673 3334 o
692 3288 812 3336 correcta
829 3297 864 3336 m.
884 3283 910 3348 1)
930 3281 981 3349 Bl
999 3284 1034 3333 20
1053 3279 1160 3334 africae
1195 3286 1200 3293 '

142 3353 175 3407 iu
196 3368 298 3406 rasura
320 3358 418 3420 septem
442 3352 607 3420 litterarum,
632 3369 750 3421 quarum
774 3353 855 3406 tertia
877 3358 903 3406 et
925 3356 1027 3420 quartu
1044 3350 1163 3418 fuerunt

163 3425 188 3488 t,
210 3428 288 3476 sexta
310 3429 337 3477 et
358 3425 473 3491 septima
497 3438 530 3476 ae
548 3424 576 3476 Β
601 3425 605 3492 l
632 3422 746 3492 quiid]
771 3421 839 3490 quid
858 3422 892 3475 N
911 3419 981 3489 quid
1004 3419 1035 3474 id
1053 3423 1075 3474 I
1093 3423 1103 3490 l
1126 3427 1161 3474 22

166 3491 303 3559 'spaniam
323 3492 363 3560 (hi
375 3494 464 3562 periit
481 3495 513 3548 iu
530 3493 676 3562 foramine)
696 3494 723 3546 Β
742 3492 871 3561 spaniam
889 3494 911 3546 I
928 3495 931 3561 Ι
956 3490 1055 3560 punici
1072 3491 1163 3561 (unici

117 3563 218 3625 stertit
233 3563 265 3615 a'n
280 3563 437 3635 forarm'oe)
456 3564 486 3620 B
