<?xml version="1.0" encoding="UTF-8"?>
<!DOCTYPE html PUBLIC "-//W3C//DTD XHTML 1.0 Transitional//EN"
    "http://www.w3.org/TR/xhtml1/DTD/xhtml1-transitional.dtd">
<html xmlns="http://www.w3.org/1999/xhtml" xml:lang="en" lang="en">
 <head>
  <title>
</title>
<meta http-equiv="Content-Type" content="text/html;charset=utf-8" />
  <meta name='ocr-system' content='tesseract 3.04.00' />
  <meta name='ocr-capabilities' content='ocr_page ocr_carea ocr_par ocr_line ocrx_word'/>
</head>
<body>
  <div class='ocr_page' id='page_1' title='image "./lannaeifloriepi00florgoog_0047.png"; bbox 0 0 2436 3826; ppageno 0'>
   <div class='ocr_carea' id='block_1_1' title="bbox 80 202 783 259">
    <p class='ocr_par' dir='ltr' id='par_1_1' title="bbox 80 202 783 259">
     <span class='ocr_line' id='line_1_1' title="bbox 80 202 783 259; baseline -0.01 0"><span class='ocrx_word' id='word_1_1' title='bbox 80 205 168 259; x_wconf 84' lang='lat' dir='ltr'>XLIV</span> <span class='ocrx_word' id='word_1_2' title='bbox 393 205 594 257; x_wconf 81' lang='lat' dir='ltr'><strong>PRAEFATIO</strong></span> <span class='ocrx_word' id='word_1_3' title='bbox 614 202 783 254; x_wconf 85' lang='lat' dir='ltr'><strong>EDITORIS</strong></span> 
     </span>
    </p>
   </div>
   <div class='ocr_carea' id='block_1_2' title="bbox 11 365 1105 2501">
    <p class='ocr_par' dir='ltr' id='par_1_2' title="bbox 11 365 1105 2501">
     <span class='ocr_line' id='line_1_2' title="bbox 11 365 1094 451; baseline -0.009 -17"><span class='ocrx_word' id='word_1_4' title='bbox 11 389 75 426; x_wconf 71' lang='lat' dir='ltr'><strong><em>aetas</em></strong></span> <span class='ocrx_word' id='word_1_5' title='bbox 151 374 208 433; x_wconf 83' lang='lat' dir='ltr'><strong><em>HIc</em></strong></span> <span class='ocrx_word' id='word_1_6' title='bbox 240 373 336 451; x_wconf 85' lang='lat' dir='ltr'><strong><em>igitur</em></strong></span> <span class='ocrx_word' id='word_1_7' title='bbox 367 373 400 434; x_wconf 78' lang='lat' dir='ltr'><strong><em>L.</em></strong></span> <span class='ocrx_word' id='word_1_8' title='bbox 430 372 573 431; x_wconf 83' lang='lat' dir='ltr'><strong>Annaeus</strong></span> <span class='ocrx_word' id='word_1_9' title='bbox 605 370 712 429; x_wconf 85' lang='lat' dir='ltr'><strong><em>Florus</em></strong></span> <span class='ocrx_word' id='word_1_10' title='bbox 745 367 908 444; x_wconf 86' lang='lat' dir='ltr'><strong><em>epitomem</em></strong></span> <span class='ocrx_word' id='word_1_11' title='bbox 940 365 1094 425; x_wconf 85' lang='lat' dir='ltr'><strong><em>Hadriano</em></strong></span> 
     </span>
     <span class='ocr_line' id='line_1_3' title="bbox 83 459 1097 538; baseline -0.003 -16"><span class='ocrx_word' id='word_1_12' title='bbox 83 464 264 538; x_wconf 74' lang='lat' dir='ltr'>imperatore</span> <span class='ocrx_word' id='word_1_13' title='bbox 293 462 495 538; x_wconf 79' lang='lat' dir='ltr'>composuisse</span> <span class='ocrx_word' id='word_1_14' title='bbox 523 459 668 536; x_wconf 86' lang='lat' dir='ltr'><strong><em>creditur,</em></strong></span> <span class='ocrx_word' id='word_1_15' title='bbox 697 477 765 517; x_wconf 89' lang='lat' dir='ltr'><strong><em>oum</em></strong></span> <span class='ocrx_word' id='word_1_16' title='bbox 792 459 857 535; x_wconf 90' lang='lat' dir='ltr'><strong><em>ipse</em></strong></span> <span class='ocrx_word' id='word_1_17' title='bbox 884 459 958 516; x_wconf 88' lang='lat' dir='ltr'><strong><em>haec</em></strong></span> <span class='ocrx_word' id='word_1_18' title='bbox 986 461 1097 521; x_wconf 85' lang='lat' dir='ltr'><strong><em>dixerit</em></strong></span> 
     </span>
     <span class='ocr_line' id='line_1_4' title="bbox 84 543 1097 633; baseline -0.005 -21"><span class='ocrx_word' id='word_1_19' title='bbox 84 544 126 633; x_wconf 85' lang='lat' dir='ltr'><strong><em>(p.</em></strong></span> <span class='ocrx_word' id='word_1_20' title='bbox 148 543 262 632; x_wconf 86' lang='lat'>6,10):</span> <span class='ocrx_word' id='word_1_21' title='bbox 290 571 309 611; x_wconf 87' lang='lat' dir='ltr'><strong><em>u</em></strong></span> <span class='ocrx_word' id='word_1_22' title='bbox 334 549 459 610; x_wconf 77' lang='lat' dir='ltr'><strong><em>Caesare</em></strong></span> <span class='ocrx_word' id='word_1_23' title='bbox 481 547 613 623; x_wconf 76' lang='lat' dir='ltr'><strong><em>Aopusto</em></strong></span> <span class='ocrx_word' id='word_1_24' title='bbox 640 551 673 607; x_wconf 84' lang='lat' dir='ltr'><strong><em>iri</em></strong></span> <span class='ocrx_word' id='word_1_25' title='bbox 696 549 843 607; x_wconf 79' lang='lat' dir='ltr'><strong><em>saeculare</em></strong></span> <span class='ocrx_word' id='word_1_26' title='bbox 871 553 1003 608; x_wconf 75' lang='lat' dir='ltr'><strong><em>rostrum</em></strong></span> <span class='ocrx_word' id='word_1_27' title='bbox 1024 553 1097 610; x_wconf 79' lang='lat' dir='ltr'><strong><em>tout</em></strong></span> 
     </span>
     <span class='ocr_line' id='line_1_5' title="bbox 83 628 1096 719; baseline 0 -20"><span class='ocrx_word' id='word_1_28' title='bbox 83 643 173 700; x_wconf 81' lang='lat' dir='ltr'><strong><em>mutto</em></strong></span> <span class='ocrx_word' id='word_1_29' title='bbox 199 643 297 699; x_wconf 74' lang='lat' dir='ltr'><strong><em>roiricus</em></strong></span> <span class='ocrx_word' id='word_1_30' title='bbox 327 642 399 698; x_wconf 80' lang='lat' dir='ltr'><strong><em>omrai</em></strong></span> <span class='ocrx_word' id='word_1_31' title='bbox 429 641 555 707; x_wconf 78' lang='lat' dir='ltr'><strong><em>ducenti,</em></strong></span> <span class='ocrx_word' id='word_1_32' title='bbox 583 639 688 710; x_wconf 78' lang='lat' dir='ltr'><strong><em>quibos</em></strong></span> <span class='ocrx_word' id='word_1_33' title='bbox 716 628 890 717; x_wconf 88' lang='lat' dir='ltr'><strong><em>(imperium</em></strong></span> <span class='ocrx_word' id='word_1_34' title='bbox 914 631 1096 719; x_wconf 79' lang='lat' dir='ltr'><strong><em>Romanum)</em></strong></span> 
     </span>
     <span class='ocr_line' id='line_1_6' title="bbox 84 728 1096 804; baseline 0 -16"><span class='ocrx_word' id='word_1_35' title='bbox 84 732 191 788; x_wconf 67' lang='lat' dir='ltr'><strong><em>toedio</em></strong></span> <span class='ocrx_word' id='word_1_36' title='bbox 215 728 376 788; x_wconf 76' lang='lat' dir='ltr'><strong><em>Corsorum</em></strong></span> <span class='ocrx_word' id='word_1_37' title='bbox 403 731 488 801; x_wconf 78' lang='lat' dir='ltr'><strong><em>quusi</em></strong></span> <span class='ocrx_word' id='word_1_38' title='bbox 515 729 663 786; x_wconf 76' lang='lat' dir='ltr'><strong><em>conseruit</em></strong></span> <span class='ocrx_word' id='word_1_39' title='bbox 685 732 770 799; x_wconf 78' lang='lat' dir='ltr'><strong><em>utque</em></strong></span> <span class='ocrx_word' id='word_1_40' title='bbox 792 729 909 796; x_wconf 76' lang='lat' dir='ltr'><strong><em>decoxit,</em></strong></span> <span class='ocrx_word' id='word_1_41' title='bbox 938 732 999 788; x_wconf 78' lang='lat' dir='ltr'><strong><em>ruisi</em></strong></span> <span class='ocrx_word' id='word_1_42' title='bbox 1021 731 1096 804; x_wconf 77' lang='lat' dir='ltr'><strong><em>qood</em></strong></span> 
     </span>
     <span class='ocr_line' id='line_1_7' title="bbox 84 817 1096 892; baseline -0.001 -14"><span class='ocrx_word' id='word_1_43' title='bbox 84 819 138 878; x_wconf 81' lang='lat' dir='ltr'><strong><em>sub</em></strong></span> <span class='ocrx_word' id='word_1_44' title='bbox 163 819 320 877; x_wconf 76' lang='lat' dir='ltr'><strong><em>Troiano</em></strong></span> <span class='ocrx_word' id='word_1_45' title='bbox 342 819 478 892; x_wconf 76' lang='lat' dir='ltr'><strong><em>principe</em></strong></span> <span class='ocrx_word' id='word_1_46' title='bbox 499 819 588 875; x_wconf 83' lang='lat' dir='ltr'><strong><em>oiooit</em></strong></span> <span class='ocrx_word' id='word_1_47' title='bbox 610 817 729 875; x_wconf 84' lang='lat' dir='ltr'><strong><em>lacertos</em></strong></span> <span class='ocrx_word' id='word_1_48' title='bbox 753 819 915 889; x_wconf 61' lang='lat' dir='ltr'><strong><em>et‘procter</em></strong></span> <span class='ocrx_word' id='word_1_49' title='bbox 936 836 1016 891; x_wconf 81' lang='lat' dir='ltr'><strong><em>spero</em></strong></span> <span class='ocrx_word' id='word_1_50' title='bbox 1038 837 1096 877; x_wconf 82' lang='lat' dir='ltr'><strong><em>oru-</em></strong></span> 
     </span>
     <span class='ocr_line' id='line_1_8' title="bbox 84 907 1097 981; baseline 0 -15"><span class='ocrx_word' id='word_1_51' title='bbox 84 910 168 967; x_wconf 77' lang='lat' dir='ltr'><strong><em>airon</em></strong></span> <span class='ocrx_word' id='word_1_52' title='bbox 203 912 333 966; x_wconf 77' lang='lat' dir='ltr'><strong><em>senectus</em></strong></span> <span class='ocrx_word' id='word_1_53' title='bbox 368 909 485 981; x_wconf 82' lang='lat' dir='ltr'><strong><em>imperii</em></strong></span> <span class='ocrx_word' id='word_1_54' title='bbox 520 908 606 979; x_wconf 80' lang='lat' dir='ltr'><strong><em>quast</em></strong></span> <span class='ocrx_word' id='word_1_55' title='bbox 640 907 756 964; x_wconf 84' lang='lat' dir='ltr'><strong><em>reddito</em></strong></span> <span class='ocrx_word' id='word_1_56' title='bbox 791 908 937 964; x_wconf 82' lang='lat' dir='ltr'><strong><em>iooeatote</em></strong></span> <span class='ocrx_word' id='word_1_57' title='bbox 967 910 1097 966; x_wconf 76' lang='lat' dir='ltr'><strong><em>reviruit.</em></strong></span> 
     </span>
     <span class='ocr_line' id='line_1_9' title="bbox 85 994 1097 1073; baseline 0.001 -19"><span class='ocrx_word' id='word_1_58' title='bbox 85 1016 140 1073; x_wconf 92' lang='lat' dir='ltr'><strong><em>pro</em></strong></span> <span class='ocrx_word' id='word_1_59' title='bbox 168 999 291 1055; x_wconf 85' lang='lat' dir='ltr'><strong><em>reoirwit</em></strong></span> <span class='ocrx_word' id='word_1_60' title='bbox 317 1000 433 1072; x_wconf 86' lang='lat' dir='ltr'><strong><em>autem,</em></strong></span> <span class='ocrx_word' id='word_1_61' title='bbox 458 996 538 1072; x_wconf 92' lang='lat' dir='ltr'><strong><em>quod</em></strong></span> <span class='ocrx_word' id='word_1_62' title='bbox 560 994 684 1052; x_wconf 82' lang='lat' dir='ltr'><strong><em>Iahnius</em></strong></span> <span class='ocrx_word' id='word_1_63' title='bbox 712 994 912 1072; x_wconf 88' lang='lat' dir='ltr'><strong><em>Halmiusque</em></strong></span> <span class='ocrx_word' id='word_1_64' title='bbox 940 1014 976 1055; x_wconf 84' lang='lat' dir='ltr'><strong><em>ex</em></strong></span> <span class='ocrx_word' id='word_1_65' title='bbox 998 997 1024 1054; x_wconf 94' lang='lat' dir='ltr'><strong>B</strong></span> <span class='ocrx_word' id='word_1_66' title='bbox 1051 1017 1097 1055; x_wconf 89' lang='lat' dir='ltr'><strong><em>re-</em></strong></span> 
     </span>
     <span class='ocr_line' id='line_1_10' title="bbox 87 1082 1098 1162; baseline -0.001 -17"><span class='ocrx_word' id='word_1_67' title='bbox 87 1088 239 1162; x_wconf 84' lang='lat' dir='ltr'><strong><em>ceperunt,</em></strong></span> <span class='ocrx_word' id='word_1_68' title='bbox 271 1087 420 1144; x_wconf 76' lang='lat' dir='ltr'><strong><em>revirescit</em></strong></span> <span class='ocrx_word' id='word_1_69' title='bbox 449 1084 481 1143; x_wconf 91' lang='lat' dir='ltr'><strong><em>in</em></strong></span> <span class='ocrx_word' id='word_1_70' title='bbox 512 1082 534 1143; x_wconf 83' lang='lat'>0</span> <span class='ocrx_word' id='word_1_71' title='bbox 566 1083 681 1160; x_wconf 82' lang='lat' dir='ltr'><strong><em>legitur</em></strong></span> <span class='ocrx_word' id='word_1_72' title='bbox 713 1087 743 1142; x_wconf 91' lang='lat' dir='ltr'><strong><em>et</em></strong></span> <span class='ocrx_word' id='word_1_73' title='bbox 774 1084 871 1143; x_wconf 92' lang='lat' dir='ltr'><strong><em>multo</em></strong></span> <span class='ocrx_word' id='word_1_74' title='bbox 903 1086 1098 1145; x_wconf 84' lang='lat' dir='ltr'><strong><em>verisimilius</em></strong></span> 
     </span>
     <span class='ocr_line' id='line_1_11' title="bbox 86 1172 1105 1250; baseline 0 -16"><span class='ocrx_word' id='word_1_75' title='bbox 86 1175 208 1234; x_wconf 85' lang='lat' dir='ltr'><strong><em>videtur</em></strong></span> <span class='ocrx_word' id='word_1_76' title='bbox 229 1192 370 1250; x_wconf 80' lang='lat' dir='ltr'><strong><em>praesens</em></strong></span> <span class='ocrx_word' id='word_1_77' title='bbox 393 1176 514 1249; x_wconf 90' lang='lat' dir='ltr'><strong><em>tempus</em></strong></span> <span class='ocrx_word' id='word_1_78' title='bbox 536 1175 660 1248; x_wconf 87' lang='lat' dir='ltr'><strong><em>propter</em></strong></span> <span class='ocrx_word' id='word_1_79' title='bbox 678 1172 778 1231; x_wconf 89' lang='lat' dir='ltr'><strong><em>vicina</em></strong></span> <span class='ocrx_word' id='word_1_80' title='bbox 801 1176 956 1243; x_wconf 78' lang='lat' dir='ltr'><strong><em>coruscarit,</em></strong></span> <span class='ocrx_word' id='word_1_81' title='bbox 980 1177 1105 1243; x_wconf 66' lang='lat' dir='ltr'><strong><em>clecorcit,¹</em></strong></span> 
     </span>
     <span class='ocr_line' id='line_1_12' title="bbox 86 1262 1097 1339; baseline 0.002 -18"><span class='ocrx_word' id='word_1_82' title='bbox 86 1265 182 1331; x_wconf 80' lang='lat' dir='ltr'><strong><em>morit,</em></strong></span> <span class='ocrx_word' id='word_1_83' title='bbox 205 1264 265 1335; x_wconf 81' lang='lat' dir='ltr'><strong><em>fuit</em></strong></span> <span class='ocrx_word' id='word_1_84' title='bbox 286 1263 504 1339; x_wconf 85' lang='lat' dir='ltr'><strong><em>inperfectum</em></strong></span> <span class='ocrx_word' id='word_1_85' title='bbox 521 1263 675 1319; x_wconf 85' lang='lat' dir='ltr'><strong><em>mutatum</em></strong></span> <span class='ocrx_word' id='word_1_86' title='bbox 695 1279 759 1319; x_wconf 91' lang='lat' dir='ltr'><strong><em>esse</em></strong></span> <span class='ocrx_word' id='word_1_87' title='bbox 779 1279 870 1337; x_wconf 89' lang='lat' dir='ltr'><strong><em>quam</em></strong></span> <span class='ocrx_word' id='word_1_88' title='bbox 888 1262 944 1321; x_wconf 92' lang='lat' dir='ltr'><strong><em>hoo</em></strong></span> <span class='ocrx_word' id='word_1_89' title='bbox 962 1264 993 1322; x_wconf 93' lang='lat' dir='ltr'><strong><em>in</em></strong></span> <span class='ocrx_word' id='word_1_90' title='bbox 1012 1265 1097 1323; x_wconf 89' lang='lat' dir='ltr'><strong><em>illud.</em></strong></span> 
     </span>
     <span class='ocr_line' id='line_1_13' title="bbox 86 1350 1099 1430; baseline 0.003 -20"><span class='ocrx_word' id='word_1_91' title='bbox 86 1371 184 1429; x_wconf 90' lang='lat' dir='ltr'><strong><em>neque</em></strong></span> <span class='ocrx_word' id='word_1_92' title='bbox 204 1351 305 1410; x_wconf 82' lang='lat' dir='ltr'><strong><em>obstat</em></strong></span> <span class='ocrx_word' id='word_1_93' title='bbox 323 1352 522 1410; x_wconf 88' lang='lat' dir='ltr'><strong><em>ducentorum</em></strong></span> <span class='ocrx_word' id='word_1_94' title='bbox 539 1351 601 1408; x_wconf 84' lang='lat' dir='ltr'><strong><em>fere</em></strong></span> <span class='ocrx_word' id='word_1_95' title='bbox 621 1368 769 1408; x_wconf 89' lang='lat' dir='ltr'><strong><em>annorum</em></strong></span> <span class='ocrx_word' id='word_1_96' title='bbox 788 1351 826 1407; x_wconf 91' lang='lat' dir='ltr'><strong><em>ab</em></strong></span> <span class='ocrx_word' id='word_1_97' title='bbox 840 1350 981 1427; x_wconf 76' lang='lat' dir='ltr'><strong><em>Augusto</em></strong></span> <span class='ocrx_word' id='word_1_98' title='bbox 1001 1372 1099 1430; x_wconf 89' lang='lat' dir='ltr'><strong><em>usque</em></strong></span> 
     </span>
     <span class='ocr_line' id='line_1_14' title="bbox 87 1439 1099 1519; baseline 0.002 -19"><span class='ocrx_word' id='word_1_99' title='bbox 87 1443 126 1500; x_wconf 91' lang='lat' dir='ltr'><strong><em>ad</em></strong></span> <span class='ocrx_word' id='word_1_100' title='bbox 139 1441 222 1499; x_wconf 82' lang='lat' dir='ltr'><strong><em>Flori</em></strong></span> <span class='ocrx_word' id='word_1_101' title='bbox 238 1443 369 1500; x_wconf 90' lang='lat' dir='ltr'><strong><em>aetatem</em></strong></span> <span class='ocrx_word' id='word_1_102' title='bbox 388 1440 583 1517; x_wconf 83' lang='lat' dir='ltr'><strong><em>computatio,</em></strong></span> <span class='ocrx_word' id='word_1_103' title='bbox 603 1457 670 1498; x_wconf 89' lang='lat' dir='ltr'><strong><em>cum</em></strong></span> <span class='ocrx_word' id='word_1_104' title='bbox 690 1457 708 1496; x_wconf 88' lang='lat' dir='ltr'><strong><em>a</em></strong></span> <span class='ocrx_word' id='word_1_105' title='bbox 726 1439 806 1498; x_wconf 91' lang='lat' dir='ltr'><strong><em>bello</em></strong></span> <span class='ocrx_word' id='word_1_106' title='bbox 820 1439 984 1500; x_wconf 83' lang='lat' dir='ltr'><strong><em>Mutinensi</em></strong></span> <span class='ocrx_word' id='word_1_107' title='bbox 1002 1462 1099 1519; x_wconf 88' lang='lat' dir='ltr'><strong><em>usque</em></strong></span> 
     </span>
     <span class='ocr_line' id='line_1_15' title="bbox 88 1520 1100 1608; baseline 0.002 -20"><span class='ocrx_word' id='word_1_108' title='bbox 88 1530 127 1588; x_wconf 91' lang='lat' dir='ltr'><strong><em>ad</em></strong></span> <span class='ocrx_word' id='word_1_109' title='bbox 159 1528 277 1589; x_wconf 93' lang='lat' dir='ltr'><strong><em>obitum</em></strong></span> <span class='ocrx_word' id='word_1_110' title='bbox 309 1529 432 1588; x_wconf 85' lang='lat' dir='ltr'><strong><em>Traiani</em></strong></span> <span class='ocrx_word' id='word_1_111' title='bbox 464 1527 541 1589; x_wconf 85' lang='lat' dir='ltr'><strong><em>CLX</em></strong></span> <span class='ocrx_word' id='word_1_112' title='bbox 572 1520 814 1608; x_wconf 79' lang='lat' dir='ltr'><strong><em>numerentur1).</em></strong></span> <span class='ocrx_word' id='word_1_113' title='bbox 870 1530 923 1605; x_wconf 91' lang='lat' dir='ltr'><strong><em>qui</em></strong></span> <span class='ocrx_word' id='word_1_114' title='bbox 956 1550 1100 1590; x_wconf 89' lang='lat' dir='ltr'><strong><em>numerus</em></strong></span> 
     </span>
     <span class='ocr_line' id='line_1_16' title="bbox 88 1617 1100 1696; baseline 0.002 -18"><span class='ocrx_word' id='word_1_115' title='bbox 88 1620 180 1679; x_wconf 92' lang='lat' dir='ltr'><strong><em>etiam</em></strong></span> <span class='ocrx_word' id='word_1_116' title='bbox 204 1619 361 1695; x_wconf 88' lang='lat' dir='ltr'><strong><em>aliquanto</em></strong></span> <span class='ocrx_word' id='word_1_117' title='bbox 385 1621 524 1696; x_wconf 79' lang='lat' dir='ltr'><strong><em>augetur.</em></strong></span> <span class='ocrx_word' id='word_1_118' title='bbox 553 1637 622 1676; x_wconf 90' lang='lat' dir='ltr'><strong><em>cum</em></strong></span> <span class='ocrx_word' id='word_1_119' title='bbox 646 1617 725 1676; x_wconf 92' lang='lat' dir='ltr'><strong><em>enim</em></strong></span> <span class='ocrx_word' id='word_1_120' title='bbox 743 1618 835 1677; x_wconf 87' lang='lat' dir='ltr'><strong><em>verba</em></strong></span> <span class='ocrx_word' id='word_1_121' title='bbox 853 1619 907 1676; x_wconf 83' lang='lat' dir='ltr'><strong><em>sub</em></strong></span> <span class='ocrx_word' id='word_1_122' title='bbox 925 1650 962 1659; x_wconf 89' lang='lat'>—</span> <span class='ocrx_word' id='word_1_123' title='bbox 980 1621 1100 1680; x_wconf 85' lang='lat' dir='ltr'><strong><em>lacertos</em></strong></span> 
     </span>
     <span class='ocr_line' id='line_1_17' title="bbox 87 1706 1099 1784; baseline 0.001 -18"><span class='ocrx_word' id='word_1_124' title='bbox 87 1708 147 1767; x_wconf 91' lang='lat' dir='ltr'><strong><em>nisi</em></strong></span> <span class='ocrx_word' id='word_1_125' title='bbox 182 1711 303 1767; x_wconf 88' lang='lat' dir='ltr'><strong><em>mortuo</em></strong></span> <span class='ocrx_word' id='word_1_126' title='bbox 336 1708 466 1767; x_wconf 83' lang='lat' dir='ltr'><strong><em>Traiano</em></strong></span> <span class='ocrx_word' id='word_1_127' title='bbox 503 1708 585 1765; x_wconf 89' lang='lat' dir='ltr'><strong><em>dicta</em></strong></span> <span class='ocrx_word' id='word_1_128' title='bbox 618 1724 683 1765; x_wconf 90' lang='lat' dir='ltr'><strong><em>esse</em></strong></span> <span class='ocrx_word' id='word_1_129' title='bbox 713 1726 773 1766; x_wconf 94' lang='lat' dir='ltr'><strong><em>non</em></strong></span> <span class='ocrx_word' id='word_1_130' title='bbox 804 1706 934 1784; x_wconf 88' lang='lat' dir='ltr'><strong><em>possint,</em></strong></span> <span class='ocrx_word' id='word_1_131' title='bbox 971 1709 1002 1766; x_wconf 92' lang='lat' dir='ltr'><strong><em>in</em></strong></span> <span class='ocrx_word' id='word_1_132' title='bbox 1034 1713 1099 1769; x_wconf 89' lang='lat' dir='ltr'><strong><em>toto</em></strong></span> 
     </span>
     <span class='ocr_line' id='line_1_18' title="bbox 88 1795 1101 1872; baseline 0 -16"><span class='ocrx_word' id='word_1_133' title='bbox 88 1801 191 1856; x_wconf 89' lang='lat' dir='ltr'><strong><em>autem</em></strong></span> <span class='ocrx_word' id='word_1_134' title='bbox 220 1797 378 1856; x_wconf 85' lang='lat' dir='ltr'><strong><em>enuntiato</em></strong></span> <span class='ocrx_word' id='word_1_135' title='bbox 405 1796 507 1857; x_wconf 84' lang='lat' dir='ltr'><strong><em>vivida</em></strong></span> <span class='ocrx_word' id='word_1_136' title='bbox 535 1796 599 1854; x_wconf 85' lang='lat' dir='ltr'><strong><em>eius</em></strong></span> <span class='ocrx_word' id='word_1_137' title='bbox 622 1796 790 1855; x_wconf 77' lang='lat' dir='ltr'><strong><em>recordatio</em></strong></span> <span class='ocrx_word' id='word_1_138' title='bbox 814 1795 899 1872; x_wconf 87' lang='lat' dir='ltr'><strong><em>insit,</em></strong></span> <span class='ocrx_word' id='word_1_139' title='bbox 931 1797 987 1856; x_wconf 91' lang='lat' dir='ltr'><strong><em>sub</em></strong></span> <span class='ocrx_word' id='word_1_140' title='bbox 1011 1797 1101 1856; x_wconf 90' lang='lat' dir='ltr'><strong><em>finem</em></strong></span> 
     </span>
     <span class='ocr_line' id='line_1_19' title="bbox 88 1884 1100 1962; baseline 0.002 -18"><span class='ocrx_word' id='word_1_141' title='bbox 88 1885 208 1962; x_wconf 92' lang='lat' dir='ltr'><strong><em>imperii</em></strong></span> <span class='ocrx_word' id='word_1_142' title='bbox 230 1885 377 1944; x_wconf 87' lang='lat' dir='ltr'><strong><em>Hadriani</em></strong></span> <span class='ocrx_word' id='word_1_143' title='bbox 403 1885 622 1960; x_wconf 81' lang='lat' dir='ltr'><strong><em>praefationem</em></strong></span> <span class='ocrx_word' id='word_1_144' title='bbox 650 1884 847 1961; x_wconf 83' lang='lat' dir='ltr'><strong><em>compositam</em></strong></span> <span class='ocrx_word' id='word_1_145' title='bbox 871 1903 935 1943; x_wconf 92' lang='lat' dir='ltr'><strong><em>esse</em></strong></span> <span class='ocrx_word' id='word_1_146' title='bbox 958 1887 1100 1946; x_wconf 88' lang='lat' dir='ltr'><strong><em>credibile</em></strong></span> 
     </span>
     <span class='ocr_line' id='line_1_20' title="bbox 89 1965 1102 2055; baseline 0.002 -22"><span class='ocrx_word' id='word_1_147' title='bbox 89 1994 150 2034; x_wconf 95' lang='lat' dir='ltr'><strong><em>non</em></strong></span> <span class='ocrx_word' id='word_1_148' title='bbox 174 1976 226 2033; x_wconf 88' lang='lat' dir='ltr'><strong><em>est.</em></strong></span> <span class='ocrx_word' id='word_1_149' title='bbox 272 1975 388 2032; x_wconf 87' lang='lat' dir='ltr'><strong><em>accedit</em></strong></span> <span class='ocrx_word' id='word_1_150' title='bbox 411 1974 491 2050; x_wconf 93' lang='lat' dir='ltr'><strong><em>quod</em></strong></span> <span class='ocrx_word' id='word_1_151' title='bbox 516 1974 609 2033; x_wconf 86' lang='lat' dir='ltr'><strong><em>verba</em></strong></span> <span class='ocrx_word' id='word_1_152' title='bbox 632 1965 675 2053; x_wconf 85' lang='lat' dir='ltr'><strong><em>(p.</em></strong></span> <span class='ocrx_word' id='word_1_153' title='bbox 696 1976 772 2051; x_wconf 78' lang='lat'>173,</span> <span class='ocrx_word' id='word_1_154' title='bbox 794 1965 827 2055; x_wconf 82' lang='lat'><strong><em>7)</em></strong></span> <span class='ocrx_word' id='word_1_155' title='bbox 851 1975 893 2031; x_wconf 88' lang='lat' dir='ltr'><strong><em>sic</em></strong></span> <span class='ocrx_word' id='word_1_156' title='bbox 920 1977 981 2032; x_wconf 76' lang='lat' dir='ltr'><strong><em>torm</em></strong></span> <span class='ocrx_word' id='word_1_157' title='bbox 1002 1977 1102 2035; x_wconf 83' lang='lat' dir='ltr'><strong><em>Decio</em></strong></span> 
     </span>
     <span class='ocr_line' id='line_1_21' title="bbox 89 2063 1102 2138; baseline 0.001 -16"><span class='ocrx_word' id='word_1_158' title='bbox 89 2081 149 2122; x_wconf 77' lang='lat' dir='ltr'><strong><em>riou</em></strong></span> <span class='ocrx_word' id='word_1_159' title='bbox 166 2065 251 2130; x_wconf 81' lang='lat' dir='ltr'><strong><em>uicto,</em></strong></span> <span class='ocrx_word' id='word_1_160' title='bbox 277 2063 328 2120; x_wconf 84' lang='lat' dir='ltr'><strong><em>sed</em></strong></span> <span class='ocrx_word' id='word_1_161' title='bbox 346 2066 489 2121; x_wconf 73' lang='lat' dir='ltr'><strong><em>swarooto</em></strong></span> <span class='ocrx_word' id='word_1_162' title='bbox 507 2066 592 2134; x_wconf 78' lang='lat' dir='ltr'><strong><em>atque</em></strong></span> <span class='ocrx_word' id='word_1_163' title='bbox 609 2063 702 2121; x_wconf 86' lang='lat' dir='ltr'><strong><em>diluto</em></strong></span> <span class='ocrx_word' id='word_1_164' title='bbox 726 2067 767 2121; x_wconf 87' lang='lat' dir='ltr'><strong><em>est</em></strong></span> <span class='ocrx_word' id='word_1_165' title='bbox 784 2081 851 2122; x_wconf 88' lang='lat' dir='ltr'><strong><em>eam</em></strong></span> <span class='ocrx_word' id='word_1_166' title='bbox 873 2064 1060 2138; x_wconf 87' lang='lat' dir='ltr'><strong><em>provinciam</em></strong></span> <span class='ocrx_word' id='word_1_167' title='bbox 1083 2085 1102 2123; x_wconf 89' lang='lat' dir='ltr'><strong><em>a</em></strong></span> 
     </span>
     <span class='ocr_line' id='line_1_22' title="bbox 90 2142 1102 2230; baseline 0.003 -20"><span class='ocrx_word' id='word_1_168' title='bbox 90 2151 219 2210; x_wconf 84' lang='lat' dir='ltr'><strong><em>Traiano</em></strong></span> <span class='ocrx_word' id='word_1_169' title='bbox 243 2151 356 2209; x_wconf 82' lang='lat' dir='ltr'><strong><em>factam</em></strong></span> <span class='ocrx_word' id='word_1_170' title='bbox 379 2151 474 2228; x_wconf 83' lang='lat' dir='ltr'><strong><em>digito</em></strong></span> <span class='ocrx_word' id='word_1_171' title='bbox 498 2142 749 2230; x_wconf 77' lang='lat' dir='ltr'><strong><em>demonstrane2).</em></strong></span> <span class='ocrx_word' id='word_1_172' title='bbox 785 2153 883 2209; x_wconf 91' lang='lat' dir='ltr'><strong><em>multo</em></strong></span> <span class='ocrx_word' id='word_1_173' title='bbox 906 2172 978 2212; x_wconf 87' lang='lat' dir='ltr'><strong><em>vero</em></strong></span> <span class='ocrx_word' id='word_1_174' title='bbox 1001 2154 1102 2213; x_wconf 88' lang='lat' dir='ltr'><strong><em>minus</em></strong></span> 
     </span>
     <span class='ocr_line' id='line_1_23' title="bbox 88 2238 1102 2318; baseline 0.001 -18"><span class='ocrx_word' id='word_1_175' title='bbox 88 2239 244 2318; x_wconf 81' lang='lat' dir='ltr'><strong><em>probabile</em></strong></span> <span class='ocrx_word' id='word_1_176' title='bbox 260 2242 313 2316; x_wconf 86' lang='lat' dir='ltr'><strong><em>est,</em></strong></span> <span class='ocrx_word' id='word_1_177' title='bbox 333 2243 368 2298; x_wconf 92' lang='lat' dir='ltr'><strong><em>ut</em></strong></span> <span class='ocrx_word' id='word_1_178' title='bbox 381 2243 498 2298; x_wconf 88' lang='lat' dir='ltr'><strong><em>taceam</em></strong></span> <span class='ocrx_word' id='word_1_179' title='bbox 513 2239 549 2297; x_wconf 91' lang='lat' dir='ltr'><strong><em>de</em></strong></span> <span class='ocrx_word' id='word_1_180' title='bbox 565 2238 661 2298; x_wconf 86' lang='lat' dir='ltr'><strong><em>Titzio</em></strong></span> <span class='ocrx_word' id='word_1_181' title='bbox 675 2239 851 2316; x_wconf 83' lang='lat' dir='ltr'><strong><em>Augusteae</em></strong></span> <span class='ocrx_word' id='word_1_182' title='bbox 868 2243 965 2300; x_wconf 87' lang='lat' dir='ltr'><strong><em>aetati</em></strong></span> <span class='ocrx_word' id='word_1_183' title='bbox 978 2242 1102 2301; x_wconf 81' lang='lat' dir='ltr'><strong><em>Florum</em></strong></span> 
     </span>
     <span class='ocr_line' id='line_1_24' title="bbox 89 2326 1101 2408; baseline 0.001 -19"><span class='ocrx_word' id='word_1_184' title='bbox 89 2328 270 2404; x_wconf 83' lang='lat' dir='ltr'><strong><em>vindicante,</em></strong></span> <span class='ocrx_word' id='word_1_185' title='bbox 290 2329 370 2404; x_wconf 93' lang='lat' dir='ltr'><strong><em>quod</em></strong></span> <span class='ocrx_word' id='word_1_186' title='bbox 386 2327 420 2388; x_wconf 81' lang='lat' dir='ltr'><strong><em>G.</em></strong></span> <span class='ocrx_word' id='word_1_187' title='bbox 434 2327 483 2387; x_wconf 89' lang='lat' dir='ltr'><strong><em>W.</em></strong></span> <span class='ocrx_word' id='word_1_188' title='bbox 499 2326 677 2388; x_wconf 80' lang='lat' dir='ltr'><strong><em>Gossravius</em></strong></span> <span class='ocrx_word' id='word_1_189' title='bbox 697 2347 766 2386; x_wconf 91' lang='lat' dir='ltr'><strong><em>eum</em></strong></span> <span class='ocrx_word' id='word_1_190' title='bbox 785 2328 841 2387; x_wconf 90' lang='lat' dir='ltr'><strong><em>sub</em></strong></span> <span class='ocrx_word' id='word_1_191' title='bbox 861 2329 989 2390; x_wconf 83' lang='lat' dir='ltr'><strong><em>Traiano</em></strong></span> <span class='ocrx_word' id='word_1_192' title='bbox 1009 2332 1101 2408; x_wconf 90' lang='lat' dir='ltr'><strong><em>scrip·</em></strong></span> 
     </span>
     <span class='ocr_line' id='line_1_25' title="bbox 89 2407 1101 2501; baseline 0 -23"><span class='ocrx_word' id='word_1_193' title='bbox 89 2419 162 2478; x_wconf 88' lang='lat' dir='ltr'><strong><em>sisse</em></strong></span> <span class='ocrx_word' id='word_1_194' title='bbox 180 2407 303 2496; x_wconf 77' lang='lat' dir='ltr'><strong><em>putat³)</em></strong></span> <span class='ocrx_word' id='word_1_195' title='bbox 324 2420 379 2476; x_wconf 92' lang='lat' dir='ltr'><strong><em>aut</em></strong></span> <span class='ocrx_word' id='word_1_196' title='bbox 398 2416 432 2478; x_wconf 81' lang='lat' dir='ltr'><strong><em>G.</em></strong></span> <span class='ocrx_word' id='word_1_197' title='bbox 441 2417 475 2476; x_wconf 83' lang='lat' dir='ltr'><strong><em>F.</em></strong></span> <span class='ocrx_word' id='word_1_198' title='bbox 485 2416 624 2494; x_wconf 79' lang='lat' dir='ltr'><strong><em>Ungerus</em></strong></span> <span class='ocrx_word' id='word_1_199' title='bbox 644 2417 698 2475; x_wconf 92' lang='lat' dir='ltr'><strong><em>sub</em></strong></span> <span class='ocrx_word' id='word_1_200' title='bbox 717 2417 890 2476; x_wconf 75' lang='lat' dir='ltr'><strong><em>ILAurelio</em></strong></span> <span class='ocrx_word' id='word_1_201' title='bbox 905 2412 1101 2501; x_wconf 65' lang='lat' dir='ltr'><strong><em>Antonin04).</em></strong></span> 
     </span>
    </p>
   </div>
   <div class='ocr_carea' id='block_1_3' title="bbox 56 2656 1105 3654">
    <p class='ocr_par' dir='ltr' id='par_1_3' title="bbox 90 2656 1104 2800">
     <span class='ocr_line' id='line_1_26' title="bbox 90 2656 1104 2727; baseline 0 -14"><span class='ocrx_word' id='word_1_202' title='bbox 90 2659 229 2714; x_wconf 90' lang='lat' dir='ltr'><strong><em>rationem</em></strong></span> <span class='ocrx_word' id='word_1_203' title='bbox 251 2657 384 2712; x_wconf 88' lang='lat' dir='ltr'><strong><em>librariae</em></strong></span> <span class='ocrx_word' id='word_1_204' title='bbox 408 2656 563 2727; x_wconf 87' lang='lat' dir='ltr'><strong><em>scripturae</em></strong></span> <span class='ocrx_word' id='word_1_205' title='bbox 587 2657 673 2712; x_wconf 90' lang='lat' dir='ltr'><strong><em>aliam</em></strong></span> <span class='ocrx_word' id='word_1_206' title='bbox 696 2657 895 2726; x_wconf 85' lang='lat' dir='ltr'><strong><em>quadratariae</em></strong></span> <span class='ocrx_word' id='word_1_207' title='bbox 915 2674 975 2712; x_wconf 88' lang='lat' dir='ltr'><strong><em>esse</em></strong></span> <span class='ocrx_word' id='word_1_208' title='bbox 993 2658 1041 2712; x_wconf 85' lang='lat' dir='ltr'><strong><em>vix</em></strong></span> <span class='ocrx_word' id='word_1_209' title='bbox 1060 2661 1104 2713; x_wconf 93' lang='lat' dir='ltr'><strong><em>est</em></strong></span> 
     </span>
     <span class='ocr_line' id='line_1_27' title="bbox 90 2731 321 2800; baseline -0.009 -16"><span class='ocrx_word' id='word_1_210' title='bbox 90 2731 167 2800; x_wconf 90' lang='lat' dir='ltr'><strong><em>quod</em></strong></span> <span class='ocrx_word' id='word_1_211' title='bbox 184 2746 321 2784; x_wconf 89' lang='lat' dir='ltr'><strong><em>moneam.</em></strong></span> 
     </span>
    </p>

    <p class='ocr_par' dir='ltr' id='par_1_4' title="bbox 91 2800 1103 2943">
     <span class='ocr_line' id='line_1_28' title="bbox 163 2800 1103 2871; baseline 0.001 -16"><span class='ocrx_word' id='word_1_212' title='bbox 163 2805 188 2871; x_wconf 91' lang='lat'><strong><em>1)</em></strong></span> <span class='ocrx_word' id='word_1_213' title='bbox 212 2801 278 2855; x_wconf 91' lang='lat' dir='ltr'><strong><em>inde</em></strong></span> <span class='ocrx_word' id='word_1_214' title='bbox 306 2800 342 2855; x_wconf 91' lang='lat' dir='ltr'><strong><em>ab</em></strong></span> <span class='ocrx_word' id='word_1_215' title='bbox 371 2817 404 2854; x_wconf 88' lang='lat' dir='ltr'><strong><em>eo</em></strong></span> <span class='ocrx_word' id='word_1_216' title='bbox 432 2803 557 2870; x_wconf 90' lang='lat' dir='ltr'><strong><em>tempore</em></strong></span> <span class='ocrx_word' id='word_1_217' title='bbox 585 2817 639 2868; x_wconf 91' lang='lat' dir='ltr'><strong><em>quo</em></strong></span> <span class='ocrx_word' id='word_1_218' title='bbox 663 2800 806 2869; x_wconf 86' lang='lat' dir='ltr'><strong><em>Augustus</em></strong></span> <span class='ocrx_word' id='word_1_219' title='bbox 833 2801 917 2854; x_wconf 89' lang='lat' dir='ltr'><strong><em>natus</em></strong></span> <span class='ocrx_word' id='word_1_220' title='bbox 946 2802 989 2855; x_wconf 90' lang='lat' dir='ltr'><strong><em>est</em></strong></span> <span class='ocrx_word' id='word_1_221' title='bbox 1014 2818 1103 2856; x_wconf 88' lang='lat' dir='ltr'><strong><em>annos</em></strong></span> 
     </span>
     <span class='ocr_line' id='line_1_29' title="bbox 91 2870 785 2943; baseline -0.006 -14"><span class='ocrx_word' id='word_1_222' title='bbox 91 2875 262 2943; x_wconf 89' lang='lat' dir='ltr'><strong><em>computare,</em></strong></span> <span class='ocrx_word' id='word_1_223' title='bbox 281 2871 311 2925; x_wconf 91' lang='lat' dir='ltr'><strong><em>id</em></strong></span> <span class='ocrx_word' id='word_1_224' title='bbox 330 2872 406 2939; x_wconf 91' lang='lat' dir='ltr'><strong><em>quod</em></strong></span> <span class='ocrx_word' id='word_1_225' title='bbox 424 2871 474 2926; x_wconf 85' lang='lat' dir='ltr'><strong><em>alii</em></strong></span> <span class='ocrx_word' id='word_1_226' title='bbox 493 2871 626 2939; x_wconf 87' lang='lat' dir='ltr'><strong><em>fecerunt,</em></strong></span> <span class='ocrx_word' id='word_1_227' title='bbox 645 2870 693 2924; x_wconf 85' lang='lat' dir='ltr'><strong><em>vix</em></strong></span> <span class='ocrx_word' id='word_1_228' title='bbox 710 2870 785 2925; x_wconf 88' lang='lat' dir='ltr'><strong><em>licet.</em></strong></span> 
     </span>
    </p>

    <p class='ocr_par' dir='ltr' id='par_1_5' title="bbox 90 2941 1103 3154">
     <span class='ocr_line' id='line_1_30' title="bbox 163 2941 1103 3014; baseline 0 -17"><span class='ocrx_word' id='word_1_229' title='bbox 163 2948 189 3014; x_wconf 77' lang='lat'><strong><em>2)</em></strong></span> <span class='ocrx_word' id='word_1_230' title='bbox 207 2959 333 3012; x_wconf 89' lang='lat' dir='ltr'><strong><em>premere</em></strong></span> <span class='ocrx_word' id='word_1_231' title='bbox 350 2942 416 2996; x_wconf 93' lang='lat' dir='ltr'><strong><em>nolo</em></strong></span> <span class='ocrx_word' id='word_1_232' title='bbox 435 2943 511 3011; x_wconf 91' lang='lat' dir='ltr'><strong><em>quod</em></strong></span> <span class='ocrx_word' id='word_1_233' title='bbox 529 2942 666 2996; x_wconf 88' lang='lat' dir='ltr'><strong><em>Traianus</em></strong></span> <span class='ocrx_word' id='word_1_234' title='bbox 684 2957 741 2994; x_wconf 93' lang='lat' dir='ltr'><strong><em>non</em></strong></span> <span class='ocrx_word' id='word_1_235' title='bbox 759 2943 839 2996; x_wconf 77' lang='lat' dir='ltr'><strong><em>diores</em></strong></span> <span class='ocrx_word' id='word_1_236' title='bbox 853 2941 1020 3011; x_wconf 85' lang='lat' dir='ltr'><strong><em>appellatur,</em></strong></span> <span class='ocrx_word' id='word_1_237' title='bbox 1039 2961 1103 2997; x_wconf 92' lang='lat' dir='ltr'><strong><em>cum</em></strong></span> 
     </span>
     <span class='ocr_line' id='line_1_31' title="bbox 90 3011 1103 3082; baseline 0 -13"><span class='ocrx_word' id='word_1_238' title='bbox 90 3017 189 3070; x_wconf 83' lang='lat' dir='ltr'><strong><em>Florus</em></strong></span> <span class='ocrx_word' id='word_1_239' title='bbox 211 3031 247 3069; x_wconf 91' lang='lat' dir='ltr'><strong><em>ne</em></strong></span> <span class='ocrx_word' id='word_1_240' title='bbox 271 3014 430 3082; x_wconf 84' lang='lat' dir='ltr'><strong><em>Augustum</em></strong></span> <span class='ocrx_word' id='word_1_241' title='bbox 454 3013 566 3081; x_wconf 91' lang='lat' dir='ltr'><strong><em>quidem</em></strong></span> <span class='ocrx_word' id='word_1_242' title='bbox 589 3015 640 3067; x_wconf 89' lang='lat' dir='ltr'><strong><em>aut</em></strong></span> <span class='ocrx_word' id='word_1_243' title='bbox 664 3011 767 3066; x_wconf 93' lang='lat' dir='ltr'><strong><em>Iulium</em></strong></span> <span class='ocrx_word' id='word_1_244' title='bbox 786 3011 933 3067; x_wconf 81' lang='lat' dir='ltr'><strong><em>Caesarem</em></strong></span> <span class='ocrx_word' id='word_1_245' title='bbox 955 3013 997 3069; x_wconf 89' lang='lat' dir='ltr'><strong><em>ita</em></strong></span> <span class='ocrx_word' id='word_1_246' title='bbox 1019 3029 1103 3069; x_wconf 75' lang='lat' dir='ltr'><strong><em>roca-</em></strong></span> 
     </span>
     <span class='ocr_line' id='line_1_32' title="bbox 90 3082 982 3154; baseline -0.002 -13"><span class='ocrx_word' id='word_1_247' title='bbox 90 3087 170 3142; x_wconf 84' lang='lat' dir='ltr'><strong><em>verit.</em></strong></span> <span class='ocrx_word' id='word_1_248' title='bbox 209 3085 239 3139; x_wconf 91' lang='lat' dir='ltr'><strong><em>id</em></strong></span> <span class='ocrx_word' id='word_1_249' title='bbox 258 3084 334 3154; x_wconf 91' lang='lat' dir='ltr'><strong><em>quod</em></strong></span> <span class='ocrx_word' id='word_1_250' title='bbox 352 3086 522 3139; x_wconf 90' lang='lat' dir='ltr'><strong><em>monendum</em></strong></span> <span class='ocrx_word' id='word_1_251' title='bbox 540 3086 583 3138; x_wconf 87' lang='lat' dir='ltr'><strong><em>est</em></strong></span> <span class='ocrx_word' id='word_1_252' title='bbox 602 3085 699 3138; x_wconf 89' lang='lat' dir='ltr'><strong><em>contra</em></strong></span> <span class='ocrx_word' id='word_1_253' title='bbox 718 3082 898 3138; x_wconf 81' lang='lat' dir='ltr'><strong><em>Gesaravium</em></strong></span> <span class='ocrx_word' id='word_1_254' title='bbox 915 3103 942 3153; x_wconf 89' lang='lat' dir='ltr'><strong><em>p.</em></strong></span> <span class='ocrx_word' id='word_1_255' title='bbox 959 3093 982 3139; x_wconf 83' lang='lat'><strong><em>9.</em></strong></span> 
     </span>
    </p>

    <p class='ocr_par' dir='ltr' id='par_1_6' title="bbox 92 3154 1105 3283">
     <span class='ocr_line' id='line_1_33' title="bbox 162 3154 1105 3227; baseline 0 -16"><span class='ocrx_word' id='word_1_256' title='bbox 162 3161 189 3226; x_wconf 84' lang='lat'><strong><em>3)</em></strong></span> <span class='ocrx_word' id='word_1_257' title='bbox 210 3157 263 3210; x_wconf 89' lang='lat' dir='ltr'><strong><em>‘De</em></strong></span> <span class='ocrx_word' id='word_1_258' title='bbox 281 3155 356 3210; x_wconf 87' lang='lat' dir='ltr'><strong><em>Flori</em></strong></span> <span class='ocrx_word' id='word_1_259' title='bbox 380 3174 436 3224; x_wconf 90' lang='lat' dir='ltr'><strong><em>qua</em></strong></span> <span class='ocrx_word' id='word_1_260' title='bbox 460 3155 562 3210; x_wconf 84' lang='lat' dir='ltr'><strong><em>vixerit</em></strong></span> <span class='ocrx_word' id='word_1_261' title='bbox 587 3156 707 3223; x_wconf 84' lang='lat' dir='ltr'><strong><em>aetate&#39;,</em></strong></span> <span class='ocrx_word' id='word_1_262' title='bbox 730 3172 823 3224; x_wconf 81' lang='lat' dir='ltr'><strong><em>progr.</em></strong></span> <span class='ocrx_word' id='word_1_263' title='bbox 843 3154 1105 3227; x_wconf 79' lang='lat' dir='ltr'><strong><em>Quedlinburgense</em></strong></span> 
     </span>
     <span class='ocr_line' id='line_1_34' title="bbox 92 3229 797 3283; baseline -0.006 0"><span class='ocrx_word' id='word_1_264' title='bbox 92 3229 159 3283; x_wconf 87' lang='lat' dir='ltr'><strong><em>anni</em></strong></span> <span class='ocrx_word' id='word_1_265' title='bbox 179 3233 255 3282; x_wconf 76' lang='grc'>1837.</span> <span class='ocrx_word' id='word_1_266' title='bbox 791 3275 797 3279; x_wconf 79' lang='grc'>.</span> 
     </span>
    </p>

    <p class='ocr_par' dir='ltr' id='par_1_7' title="bbox 77 3296 1104 3581">
     <span class='ocr_line' id='line_1_35' title="bbox 163 3296 1103 3369; baseline -0.001 -15"><span class='ocrx_word' id='word_1_267' title='bbox 163 3303 190 3369; x_wconf 84' lang='grc'><strong><em>4)</em></strong></span> <span class='ocrx_word' id='word_1_268' title='bbox 208 3300 336 3369; x_wconf 82' lang='lat' dir='ltr'><strong><em>Ungerus</em></strong></span> <span class='ocrx_word' id='word_1_269' title='bbox 357 3296 520 3367; x_wconf 81' lang='lat' dir='ltr'><strong><em>‘Philologi&#39;</em></strong></span> <span class='ocrx_word' id='word_1_270' title='bbox 544 3297 632 3351; x_wconf 87' lang='lat' dir='ltr'><strong>XLIII</strong></span> <span class='ocrx_word' id='word_1_271' title='bbox 656 3299 746 3366; x_wconf 81' lang='lat'>(1884)</span> <span class='ocrx_word' id='word_1_272' title='bbox 769 3314 796 3366; x_wconf 92' lang='lat' dir='ltr'><strong><em>p.</em></strong></span> <span class='ocrx_word' id='word_1_273' title='bbox 816 3304 918 3366; x_wconf 82' lang='lat' dir='ltr'><strong><em>417aq.</em></strong></span> <span class='ocrx_word' id='word_1_274' title='bbox 943 3299 1103 3354; x_wconf 89' lang='lat' dir='ltr'><strong><em>accuratius</em></strong></span> 
     </span>
     <span class='ocr_line' id='line_1_36' title="bbox 91 3368 1104 3440; baseline -0.001 -14"><span class='ocrx_word' id='word_1_275' title='bbox 91 3373 203 3440; x_wconf 88' lang='lat' dir='ltr'><strong><em>tempus</em></strong></span> <span class='ocrx_word' id='word_1_276' title='bbox 222 3370 264 3423; x_wconf 89' lang='lat' dir='ltr'><strong><em>ita</em></strong></span> <span class='ocrx_word' id='word_1_277' title='bbox 283 3369 381 3423; x_wconf 87' lang='lat' dir='ltr'><strong><em>definit</em></strong></span> <span class='ocrx_word' id='word_1_278' title='bbox 395 3372 431 3439; x_wconf 87' lang='lat' dir='ltr'><strong><em>(p.</em></strong></span> <span class='ocrx_word' id='word_1_279' title='bbox 446 3372 522 3438; x_wconf 83' lang='lat'>441):</span> <span class='ocrx_word' id='word_1_280' title='bbox 540 3370 612 3424; x_wconf 81' lang='lat' dir='ltr'><strong><em>auct</em></strong></span> <span class='ocrx_word' id='word_1_281' title='bbox 626 3368 760 3423; x_wconf 76' lang='lat' dir='ltr'><strong><em>Hadrian</em></strong></span> <span class='ocrx_word' id='word_1_282' title='bbox 777 3371 836 3423; x_wconf 75' lang='lat' dir='ltr'><strong><em>ared</em></strong></span> <span class='ocrx_word' id='word_1_283' title='bbox 849 3370 1010 3425; x_wconf 77' lang='lat' dir='ltr'><strong><em>Antoninos</em></strong></span> <span class='ocrx_word' id='word_1_284' title='bbox 1024 3372 1104 3439; x_wconf 78' lang='lat' dir='ltr'><strong><em>Pius,</em></strong></span> 
     </span>
     <span class='ocr_line' id='line_1_37' title="bbox 91 3439 1104 3511; baseline -0.002 -14"><span class='ocrx_word' id='word_1_285' title='bbox 91 3443 224 3498; x_wconf 78' lang='lat' dir='ltr'><strong><em>eatweder</em></strong></span> <span class='ocrx_word' id='word_1_286' title='bbox 241 3442 372 3495; x_wconf 78' lang='lat' dir='ltr'><strong><em>wdhreod</em></strong></span> <span class='ocrx_word' id='word_1_287' title='bbox 389 3443 436 3495; x_wconf 83' lang='lat' dir='ltr'><strong><em>dea</em></strong></span> <span class='ocrx_word' id='word_1_288' title='bbox 449 3441 625 3508; x_wconf 76' lang='lat' dir='ltr'><strong><em>parthiecbeo</em></strong></span> <span class='ocrx_word' id='word_1_289' title='bbox 641 3439 763 3510; x_wconf 75' lang='lat' dir='ltr'><strong><em>Kriepes&#39;</em></strong></span> <span class='ocrx_word' id='word_1_290' title='bbox 774 3443 838 3495; x_wconf 84' lang='lat' dir='ltr'><strong><em>oder</em></strong></span> <span class='ocrx_word' id='word_1_291' title='bbox 854 3443 941 3511; x_wconf 74' lang='lat' dir='ltr'><strong><em>pleiclt</em></strong></span> <span class='ocrx_word' id='word_1_292' title='bbox 958 3444 1030 3497; x_wconf 77' lang='lat' dir='ltr'><strong><em>noct</em></strong></span> <span class='ocrx_word' id='word_1_293' title='bbox 1047 3445 1104 3497; x_wconf 82' lang='lat' dir='ltr'><strong><em>ihm</em></strong></span> 
     </span>
     <span class='ocr_line' id='line_1_38' title="bbox 77 3509 1102 3581; baseline 0.007 -21"><span class='ocrx_word' id='word_1_294' title='bbox 77 3512 153 3572; x_wconf 76' lang='lat' dir='ltr'><strong><em>(lere</em></strong></span> <span class='ocrx_word' id='word_1_295' title='bbox 175 3517 232 3562; x_wconf 77' lang='lat'><strong><em>920</em></strong></span> <span class='ocrx_word' id='word_1_296' title='bbox 252 3528 277 3564; x_wconf 85' lang='lat' dir='ltr'><strong><em>a.</em></strong></span> <span class='ocrx_word' id='word_1_297' title='bbox 306 3529 329 3564; x_wconf 87' lang='lat' dir='ltr'><strong><em>n.</em></strong></span> <span class='ocrx_word' id='word_1_298' title='bbox 353 3528 375 3565; x_wconf 81' lang='lat' dir='ltr'><strong><em>c,</em></strong></span> <span class='ocrx_word' id='word_1_299' title='bbox 402 3538 436 3556; x_wconf 94' lang='lat'>=</span> <span class='ocrx_word' id='word_1_300' title='bbox 461 3515 514 3565; x_wconf 85' lang='grc'><strong><em>167</em></strong></span> <span class='ocrx_word' id='word_1_301' title='bbox 532 3529 558 3581; x_wconf 92' lang='lat' dir='ltr'><strong><em>p.</em></strong></span> <span class='ocrx_word' id='word_1_302' title='bbox 579 3509 660 3579; x_wconf 66' lang='lat' dir='ltr'><strong><em>chr).</em></strong></span> <span class='ocrx_word' id='word_1_303' title='bbox 698 3511 750 3564; x_wconf 90' lang='lat' dir='ltr'><strong><em>sub</em></strong></span> <span class='ocrx_word' id='word_1_304' title='bbox 768 3511 805 3565; x_wconf 83' lang='lat' dir='ltr'><strong><em>M.</em></strong></span> <span class='ocrx_word' id='word_1_305' title='bbox 827 3512 940 3567; x_wconf 86' lang='lat' dir='ltr'><strong><em>Aurelio</em></strong></span> <span class='ocrx_word' id='word_1_306' title='bbox 959 3513 1102 3567; x_wconf 84' lang='lat' dir='ltr'><strong><em>Antonino</em></strong></span> 
     </span>
    </p>

    <p class='ocr_par' dir='ltr' id='par_1_8' title="bbox 56 3573 1101 3654">
     <span class='ocr_line' id='line_1_39' title="bbox 56 3573 1101 3654; baseline 0.012 -31"><span class='ocrx_word' id='word_1_307' title='bbox 56 3573 94 3624; x_wconf 70' lang='lat' dir='ltr'><strong><em>Es</em></strong></span> <span class='ocrx_word' id='word_1_308' title='bbox 114 3576 282 3632; x_wconf 73' lang='lat' dir='ltr'><strong><em>Borsardus</em></strong></span> <span class='ocrx_word' id='word_1_309' title='bbox 298 3580 331 3634; x_wconf 86' lang='lat' dir='ltr'><strong><em>in</em></strong></span> <span class='ocrx_word' id='word_1_310' title='bbox 350 3581 462 3652; x_wconf 85' lang='lat' dir='ltr'><strong><em>libello,</em></strong></span> <span class='ocrx_word' id='word_1_311' title='bbox 483 3582 532 3638; x_wconf 89' lang='lat' dir='ltr'><strong><em>cui</em></strong></span> <span class='ocrx_word' id='word_1_312' title='bbox 545 3581 696 3654; x_wconf 89' lang='lat' dir='ltr'><strong><em>inscripsit</em></strong></span> <span class='ocrx_word' id='word_1_313' title='bbox 709 3581 753 3638; x_wconf 82' lang='lat' dir='ltr'><strong><em>&#39;la</em></strong></span> <span class='ocrx_word' id='word_1_314' title='bbox 762 3582 933 3653; x_wconf 76' lang='lat' dir='ltr'><strong><em>biograpliie</em></strong></span> <span class='ocrx_word' id='word_1_315' title='bbox 947 3584 1101 3638; x_wconf 67' lang='lat' dir='ltr'><strong><em>uallatus</em></strong></span> 
     </span>
    </p>
   </div>
   <div class='ocr_carea' id='block_1_4' title="bbox 0 0 1231 3826">
    <p class='ocr_par' dir='ltr' id='par_1_9' title="bbox 0 0 1231 3826">
     <span class='ocr_line' id='line_1_40' title="bbox 0 0 1231 3826; baseline 0 0"><span class='ocrx_word' id='word_1_316' title='bbox 0 0 1231 3826; x_wconf 95' lang='lat' dir='ltr'><strong><em> </em></strong></span> 
     </span>
    </p>
   </div>
  </div>
 </body>
</html>
