2436 3826
480 195 706 266 1191111111.
1038 197 1098 261 131
1144 268 1146 270 v

90 361 234 442 populum
261 362 438 444 referretur3
465 364 562 423 cincta
589 363 710 441 quidem
738 362 843 442 gladiis
871 364 1021 444 contione,
1049 365 1101 424 sed
1121 380 1154 429 1ο

89 450 277 512 vincentibus
305 450 412 530 quibus
439 469 497 530 pax
525 459 555 512 et
581 454 667 530 quies
695 454 806 533 potior,
835 453 979 531 profugus
1006 456 1101 530 petria

91 559 144 600 sua
177 539 269 600 Cinna
302 540 433 618 confugit
465 540 501 600 ad
533 547 642 618 partes.
692 541 771 602 redit
802 540 838 602 ab
864 541 963 602 Africa
990 540 1100 602 Marius

90 629 172 690 clade
191 631 299 709 maior3
323 631 348 688 si
368 629 488 707 quidem
507 647 610 690 carcer
629 637 757 710 catenae,
777 631 845 709 luga
864 630 985 690 exilium
1003 630 1099 690 horri-

62 720 249 780 ⁵ticaverant
280 718 461 796 dignitatem.
512 721 611 797 itaque
644 719 678 778 ad
711 737 820 780 nomen
851 721 925 779 tanti
957 721 1014 779 viri
1041 717 1098 780 late
1120 732 1152 782 11

91 810 288 887 concurritur,
307 809 483 867 servitia-
498 825 552 886 pro
571 807 655 867 nefas
669 841 711 852 -
727 815 757 868 et
774 807 921 886 ergastula
939 815 1099 889 armantur,

90 903 120 957 et
152 895 237 957 lacile
271 898 384 956 invenit
411 897 575 958 exercitum
602 899 695 957 miser
722 900 891 976 imperator.
941 899 1040 976 itaque
1071 900 1100 958 vi
1120 911 1153 959 12

89 987 217 1064 patriam
239 1003 409 1066 reposeens,
432 985 511 1053 unde
534 987 563 1045 vi
582 986 679 1046 luerat
697 986 848 1067 expulsus,
870 993 987 1064 poterat
1004 986 1100 1047 videri

90 1076 156 1135 iure
180 1093 281 1155 agere,
309 1077 369 1135 nisi
391 1093 510 1135 oausam
534 1093 618 1135 suam
642 1078 763 1136 saevitia
787 1083 999 1154 corrumperet.
1047 1076 1099 1136 sed

51 1177 78 1216 ιο
91 1182 159 1224 cum
182 1163 228 1223 dis
251 1163 480 1242 hominibusque
503 1164 630 1224 infestus
653 1165 778 1246 rediret,
802 1167 902 1226 statim
924 1166 1021 1242 primo
1044 1166 1099 1225 im-

89 1260 162 1330 petu
184 1252 276 1313 cliens
300 1260 330 1313 et
350 1252 467 1312 alumna
485 1252 569 1312 urbis
588 1252 670 1313 Ostia
688 1253 815 1314 nefanda
834 1260 932 1332 strage
951 1253 1098 1332 diripitur.

89 1359 158 1400 mox
195 1343 225 1401 in
261 1342 367 1401 urbem
403 1341 591 1420 quadruplici
626 1345 742 1420 agmine
780 1344 914 1403 intratur.
970 1342 1098 1403 divisere
1120 1355 1152 1402 13

90 1432 189 1509 copias
226 1430 319 1491 Cinna
350 1429 474 1511 Maride,
512 1430 606 1491 Carbo
640 1431 799 1492 Sertorius,
857 1431 906 1491 hio
942 1438 1098 1509 postquam

88 1537 193 1579 manus
218 1522 313 1579 omnis
337 1517 439 1580 Octavi
462 1518 584 1598 depulsa
601 1519 731 1581 laniculo
755 1527 810 1600 est,
833 1521 934 1580 statim
957 1519 992 1579 ad
1016 1521 1098 1597 prin-

48 1620 75 1660 15
89 1610 188 1687 cipum
215 1608 337 1669 caedem
364 1609 449 1685 signo
477 1607 545 1669 dato
573 1608 723 1687 aliquanto
747 1610 863 1669 saevius
886 1626 975 1685 quam
996 1606 1043 1668 vel
1065 1610 1096 1668 in

88 1696 199 1758 Punica
225 1697 299 1758 urbe
328 1698 464 1758 saevitur.
511 1695 614 1757 Octavi
642 1696 772 1757 consulis
802 1704 890 1775 caput
912 1714 967 1775 pro
990 1698 1096 1756 rostris
1117 1710 1156 1762 11

89 1788 254 1867 exponitur,
272 1786 381 1846 Antoni
399 1784 563 1845 consularis
581 1788 613 1845 in
632 1785 706 1846 Mari
724 1787 818 1865 ipsius
837 1787 957 1845 mensis.
989 1784 1097 1846 Caesar
1191 1797 1193 1800 “

88 1881 117 1936 et
149 1875 278 1935 Fimbria
310 1877 341 1935 in
372 1874 529 1952 penatibus
562 1873 717 1935 domorum
749 1892 869 1935 suarum
900 1873 1096 1953 trucidantur,
1130 1878 1133 1886 '

88 1963 188 2024 Crassi
219 1971 304 2043 pater
336 1972 365 2024 et
397 1962 475 2023 lilius
509 1964 540 2022 in
572 1971 675 2024 mutuo
708 1963 782 2024 alter
813 1963 936 2024 alterius
966 1969 1095 2041 aspectu.

47 2064 74 2104 20
87 2051 228 2113 Baebium
248 2059 335 2131 atque
349 2052 549 2112 Numitorium
566 2070 621 2131 per
639 2052 769 2113 medium
784 2053 881 2112 forum
894 2053 965 2117 unci
978 2059 1095 2112 traxere

88 2142 268 2201 carnificum.
323 2139 443 2201 Catulus
481 2159 512 2201 se
549 2143 627 2220 ignis
663 2141 771 2202 haustu
807 2140 935 2202 ludibrio
966 2141 1095 2201 hostium
1117 2155 1150 2203 15

87 2231 206 2289 exemit.
255 2229 366 2290 Merula
398 2230 505 2290 llamen
538 2229 628 2291 Dialis
660 2233 692 2290 in
722 2230 865 2310 Capitolio
893 2229 969 2290 lovis
1001 2231 1095 2308 ipsius
1117 2245 1149 2293 16

88 2317 188 2378 oculos
212 2337 352 2380 venarum
376 2338 481 2380 cruore
504 2321 657 2400 respersit.
701 2320 865 2381 Ancharius
888 2321 954 2399 ipso
977 2321 1094 2380 ridente

87 2406 178 2467 Mario
211 2409 365 2470 confossus
396 2417 454 2490 est,
487 2411 556 2488 quia
583 2410 701 2470 fatalem
728 2408 808 2470 illam
835 2408 949 2469 scilicet
975 2427 1095 2469 manum

46 2507 72 2548 25
87 2515 146 2557 non
173 2507 346 2576 porrexerat
376 2498 521 2559 salutanti
568 2498 641 2558 haec
668 2506 712 2559 tot
740 2509 859 2558 senatus
887 2498 991 2558 lunera
1018 2500 1095 2559 intra
1116 2513 1149 2560 17

158 2657 171 2703 1
191 2651 340 2705 referretur
360 2651 490 2719 (emmae
506 2667 521 2702 r
538 2666 625 2718 cupra
641 2653 757 2720 cereum)
771 2652 800 2705 B
819 2653 823 2717 Ι
844 2648 1022 2703 contentione
1040 2650 1069 2702 B
1086 2652 1095 2719 11

86 2726 101 2773 2
120 2721 215 2790 patior
232 2726 261 2789 (a
279 2724 311 2775 iu
329 2737 345 2775 o
362 2722 480 2775 mutavit
495 2737 529 2774 m.
544 2722 573 2788 1)
586 2719 609 2772 Β
622 2722 632 2790 11
646 2727 662 2774 3
676 2720 762 2775 rediit
775 2721 803 2773 B
817 2719 892 2775 redit
905 2720 929 2775 0
940 2721 949 2788 11
964 2726 979 2773 5
993 2719 1094 2788 Itaque

85 2794 113 2859 (a
130 2799 250 2846 correcta
268 2810 302 2846 ec
320 2794 346 2860 e)
365 2791 392 2844 L
411 2792 420 2859 11
443 2795 457 2843 7
476 2789 561 2844 miser
578 2807 628 2845 om.
643 2792 671 2843 B
691 2794 700 2857 1
722 2796 755 2845 10
775 2790 829 2844 diis
843 2790 903 2844 BL
923 2793 927 2856 1
949 2788 1055 2844 rediret
1072 2789 1091 2859 (¹

84 2869 204 2945 correcto
224 2880 258 2916 ear
276 2865 301 2943 e)
320 2862 347 2915 L
368 2865 378 2928 11
402 2866 434 2915 11
452 2859 720 2942 urbislurbshostia
737 2864 797 2943 Bl
821 2867 853 2915 12
873 2859 1042 2940 quadriplici
1061 2862 1092 2929 (v

84 2931 857 3075 111111111101111111111111111111
868 2949 941 3057 lli·
955 2933 1093 3070 ttttdt

82 3094 136 3130 rae.
147 3076 183 3145 L)
195 3075 227 3130 0:
241 3077 438 3131 recalcitrare
451 3076 461 3143 11
475 3080 509 3129 16
519 3077 569 3129 cut
577 3074 608 3128 in
617 3074 751 3130 cimbrica
760 3074 895 3144 (cimbrica
904 3074 940 3142 L)
950 3081 1013 3129 aute
1022 3074 1092 3128 urbe

81 3149 145 3203 cdd.
159 3147 197 3215 01
214 3147 318 3201 orbeB
333 3150 337 3217 1
355 3145 502 3201 OctauiiL
514 3146 517 3218 1
529 3146 657 3216 oepudL
670 3148 679 3216 11
694 3152 727 3200 17
742 3146 879 3201 antoniiB
891 3147 893 3216 1
905 3143 989 3200 marii
998 3145 1032 3199 N
1035 3144 1088 3216 ’Li

82 3219 189 3274 scilicet
208 3220 384 3288 exponuntur
397 3225 460 3287 post
477 3218 581 3272 mensis
597 3225 684 3288 eripra
696 3235 801 3273 versum
815 3218 849 3271 N
853 3217 863 3247 ²
879 3219 882 3285 1
903 3232 1016 3270 caesare
1029 3217 1090 3270 fim-

80 3289 144 3344 bria.
162 3291 189 3344 B
208 3306 305 3344 caesar
323 3292 353 3344 et
369 3287 481 3343 fimbria
500 3289 524 3344 0
538 3291 713 3359 Aepuctr'mce
726 3306 748 3344 e.
763 3291 790 3345 d.
804 3290 860 3344 ΠΙ
867 3293 906 3344 27
920 3287 1053 3342 Caesares
1072 3304 1091 3342 a

80 3360 206 3415 Fimbria
227 3362 361 3417 Graevius
379 3358 522 3429 (Caesares
542 3365 576 3416 A.
592 3360 716 3416 &bouus
734 3363 863 3416 observat.
876 3361 938 3414 bist.
953 3360 1009 3413 HI
1018 3361 1064 3428 34)
1080 3360 1090 3430 11

82 3436 115 3487 18
132 3432 325 3502 penetralibus
344 3433 478 3488 &acciae
495 3446 497 3490 t
515 3432 613 3485 domus
632 3434 656 3501 (s
674 3449 760 3501 supra
776 3434 891 3499 emaum)
909 3431 938 3485 B
957 3430 1089 3484 domuum

80 3503 197 3558 Iabniue
219 3505 229 3573 11
252 3510 285 3557 19
308 3503 427 3558 innutrm
445 3504 473 3557 B
495 3504 505 3571 11
528 3507 562 3556 20
584 3501 718 3557 baebium
736 3504 827 3573 (prior
844 3502 863 3555 b
882 3508 1001 3557 correcta
1018 3518 1053 3554 ec
1069 3517 1094 3552 u
1163 3518 1165 3521 ·

80 3591 114 3627 m.
125 3577 152 3642 11
162 3575 195 3627 Ν
206 3577 211 3643 1
228 3575 397 3629 numitorem
407 3575 433 3644 (e
443 3577 791 3648 ereprupoeteriorcmueu.
802 3574 870 3645 2111
879 3567 1117 3626 mmmmm

868 3660 907 3714 Q!-
