2436 3826
101 110 200 202 XVIII
414 149 616 202 PRAEFATIO
634 146 805 204 EDITORIS

103 317 203 378 sicubi
226 336 330 377 eornm
349 317 525 377 collationes
544 338 562 376 a
580 336 648 377 mea
666 317 835 395 discrepare
853 319 1012 392 inveneris,
1036 320 1117 397 quod

101 408 133 466 in
155 406 242 466 libris
264 406 428 467 identidem
452 407 595 484 inspectis
618 426 650 466 re
673 426 745 467 vera
769 410 870 467 extare
893 408 1028 470 videram
1046 409 1078 467 id
1097 428 1117 467 a

102 517 151 557 me
173 496 308 573 positum
332 514 396 555 esse
419 495 477 554 tibi
499 496 688 572 persuadeto.

167 586 313 644 Attamen
334 604 394 644 non
418 585 529 645 licebat
551 588 672 662 praeter
693 586 722 644 N
745 588 776 645 11
799 587 824 644 L
847 590 961 646 eeteros
980 586 1116 646 eiusdem

100 675 235 736 familiae
263 674 379 734 codices
407 673 533 733 abicere.
574 675 653 733 inter
676 693 751 751 quos
779 679 878 736 aetate
907 675 1040 735 eminent
1067 675 1114 734 hi:

13 777 88 817 Pelat-
167 764 363 823 Palatinus
391 762 653 840 Heidelbergensis
684 766 768 825 1568
798 756 934 845 (Pelet.)
961 764 993 823 in
1020 783 1114 824 mem·

100 853 203 913 branis
224 853 338 912 formae
359 852 529 913 octavariae
544 853 671 930 singulis
686 854 834 913 columnis
848 854 969 914 saeculo
984 854 1116 930 scriptus

101 945 147 1002 est
170 942 337 1001 undecimo.
384 941 464 1000 inter
484 941 629 1018 Solinum,
652 942 738 1001 cuius
756 961 867 1020 magna
885 946 931 1002 est
950 943 1031 1018 apud
1049 943 1116 1002 eius

101 1031 231 1091 editores
265 1031 440 1105 auctoritas,
473 1032 504 1089 et
530 1031 620 1089 Dicto
646 1032 735 1104 pacti
766 1034 855 1091 orosii
887 1033 922 1092 de
947 1035 1007 1091 1111
1036 1033 1116 1091 orbis

100 1119 182 1179 foliis
207 1122 247 1179 83
278 1138 375 1196 usque
404 1118 442 1177 ad
475 1121 536 1179 145
561 1137 603 1180 vs.
626 1119 752 1178 Florum
774 1121 873 1180 habet.
926 1122 1054 1179 maxime
1078 1140 1115 1180 ea

100 1227 132 1266 re
157 1208 384 1268 commendatur
409 1208 493 1285 >quod
520 1208 680 1286 prologum
707 1209 794 1268 illum
823 1211 955 1271 servavit
983 1209 1021 1268 ab
1044 1210 1116 1269 Elia

100 1297 212 1357 Vineto
237 1317 272 1357 ex
295 1297 372 1356 libro
396 1297 607 1375 Burdigalensi
628 1300 816 1374 protractum
825 1291 859 1378 ¹).
896 1317 966 1358 nam
990 1299 1028 1358 ad
1051 1299 1113 1375 epi·

100 1389 215 1446 tomam
243 1387 341 1463 ipsam
369 1386 582 1445 recensendam
608 1386 659 1446 vix
687 1387 850 1463 quicquam
879 1389 1007 1464 confert,
1045 1406 1115 1447 cum

100 1477 233 1552 plurima
256 1495 325 1534 eum
347 1475 372 1534 L
396 1475 565 1535 communia
588 1476 700 1534 habeat
729 1479 760 1535 et
783 1476 856 1535 alibi
884 1478 923 1537 ad
950 1477 1114 1537 deteriores

102 1565 268 1642 scripturas
292 1565 423 1624 Parisini
446 1566 531 1624 5802
557 1567 588 1623 et
605 1565 791 1624 Monacensis
814 1570 930 1643 vergat.

166 1653 362 1713 Bernensis
391 1656 469 1730 249,
498 1653 569 1713 olim
596 1657 760 1729 martyram
785 1657 1012 1714 carcerare
1033 1657 1115 1729 petri

99 1746 247 1817 1111111111·
262 1773 268 1787 ·
284 1748 310 1803 11
325 1744 442 1819 hylarii,
460 1744 714 1820 membranaceus,
724 1743 849 1803 'formae
867 1744 1024 1820 maximae,
1049 1763 1113 1803 sae-

100 1834 161 1893 culi
180 1833 339 1910 undecimi,
357 1835 394 1892 ut
411 1832 486 1891 mihi
502 1832 602 1892 visum
616 1835 671 1906 est,
690 1833 834 1891 exeuntis.
853 1836 974 1908 praeter
987 1833 1113 1892 Florum

101 1918 166 2002 (fol.
185 1913 307 2002 1-39)
322 1939 364 1982 vs.
384 1924 499 1996 septem
513 1921 592 1980 Livii
606 1922 752 1982 librorum
765 1921 920 1996 periochas
935 1912 1000 2002 (fol.
1017 1924 1111 1981 3911.

99 2001 256 2090 -4211.)
290 2010 424 2069 continet
455 2009 561 2068 iisdem
593 2010 693 2071 verbis
725 2015 816 2088 atque
847 2011 879 2069 in
910 2010 950 2089 L,
982 2029 1113 2088 quocum

100 2100 243 2159 11111111
263 2098 396 2174 epitoma
415 2097 566 2158 artissimo
586 2099 774 2176 cognationis
793 2099 915 2160 vinculo
935 2102 1113 2160 coniunctus

101 2192 155 2266 est,
174 2188 275 2246 finitas
294 2180 428 2268 (patrica
445 2189 570 2246 restituti
586 2192 656 2247 sant
672 2209 700 2264 p.
717 2189 768 2265 14,
788 2190 807 2248 3
827 2189 872 2249 ed.
886 2182 984 2271 Iahn).
1008 2191 1112 2265 itaque

98 2277 175 2336 nihil
208 2296 244 2335 ex
276 2295 311 2335 eo
339 2276 438 2335 attuli.
484 2280 554 2353 post
580 2277 611 2335 H
635 2277 689 2348 20,
718 2278 736 2337 3
771 2270 861 2354 (docos
894 2279 1017 2351 lectores
1048 2295 1113 2351 cpe·

98 2358 235 2446 ruerunt)
267 2366 357 2426 unius
389 2365 518 2442 paginae
545 2366 641 2425 maior
667 2385 737 2443 pars
766 2371 798 2426 et
823 2366 977 2443 integrum
1004 2368 1112 2426 folium

100 2474 198 2531 vacua
222 2457 301 2532 sunt,
325 2455 377 2514 sed
399 2454 476 2512 nihil
499 2455 642 2514 omissum
666 2458 719 2515 est.

20 2556 86 2597 nare
168 2543 392 2603 Harleianus
422 2545 507 2604 2620
536 2535 672 2626 (Heri),
705 2547 796 2603 antea
823 2541 973 2616 01111111,
1000 2543 1053 2621 qui
1080 2544 1112 2602 in

99 2634 237 2711 catalogo
268 2634 388 2691 saeculo
412 2632 526 2692 decimo
550 2625 739 2714 tribuitur2),
769 2652 788 2692 1
810 2633 992 2692 Baehrensio
1016 2634 1110 2692 unde-

99 2722 176 2781 cimo
191 2724 240 2782 vel
255 2723 430 2781 duodecimo
439 2714 473 2799 ³),
492 2722 567 2780 mihi
585 2723 699 2781 saeculi
718 2722 825 2782 decimi
844 2723 927 2782 tertii
946 2741 1008 2782 esse
1027 2723 1111 2783 visus

98 2815 153 2871 est.
176 2812 365 2870 membranae
385 2812 449 2870 eius
467 2811 582 2870 formae
601 2812 808 2888 quadrantalis
828 2813 900 2870 sunt
922 2814 954 2870 at
971 2812 1112 2871 binarum

98 2901 313 2960 columnarum.
341 2902 462 2976 praeter
476 2901 600 2960 Florum
619 2897 683 2980 (fol.
702 2901 807 2959 1-42
823 2891 882 2980 vs.)
902 2903 1017 2977 septem
1032 2902 1112 2962 Livii

98 2990 254 3067 periochas
284 2981 349 3068 (fol.
373 2991 512 3048 43-46
530 2982 587 3067 vs)
615 2990 761 3062 continet,
795 2989 847 3047 scd
874 3008 893 3048 a
919 2990 1112 3066 Baehrensio,

99 3080 152 3155 qui
173 3078 355 3155 paucissima
374 3097 410 3136 ex
429 3096 463 3136 eo
483 3080 679 3156 excerpserat,
702 3078 783 3137 iusto
802 3078 898 3153 pluris
921 3079 1111 3137 existimatus

99 3169 152 3227 est.
190 3168 293 3244 Itaque
316 3186 384 3226 raro
409 3167 570 3227 admodum
595 3187 664 3226 eum
688 3167 860 3228 memoravi.
893 3167 954 3226 alia
976 3167 1111 3227 invenies

170 3321 196 3387 1)
215 3319 249 3374 ef.
268 3318 342 3373 infra
360 3338 386 3388 p.
401 3318 524 3373 XXVIII.

169 3393 196 3458 2)
215 3393 313 3444 notum
332 3392 375 3444 est
392 3389 526 3460 plurimos
545 3390 632 3445 libros
650 3388 817 3444 Harleianos
835 3387 865 3442 in
884 3388 1015 3459 catalogo
1034 3389 1110 3459 typis

98 3477 227 3529 expresso
247 3462 415 3516 vetustiores
433 3461 576 3531 perhiberi
595 3479 679 3530 quam
697 3477 727 3516 re
745 3477 813 3515 vera
832 3459 895 3515 sint.

155 3533 186 3595 3)
207 3548 228 3582 ν.
249 3532 333 3584 Beolr
355 3532 579 3589 ‘observationes
598 3534 636 3588 ad
653 3532 731 3588 Flori
748 3531 911 3604 epitomam’
932 3550 958 3601 p.
978 3536 1001 3586 9.
