2436 3826
432 187 776 257 11,1o.1r(1111,o.r).
996 211 1007 238 ι
1042 189 1103 253 159

95 354 226 413 nondum
249 351 403 413 habehant.
441 355 532 432 igitur
556 372 623 413 cum
646 361 810 434 appareret,
834 373 907 432 quae
927 361 1040 433 strages
1059 356 1136 415 reis

94 441 229 522 publicae
243 443 412 521 inmineret,
427 441 578 520 displicuit
591 442 673 523 ultio,
688 461 754 502 cum
768 443 873 503 caedes
887 443 1102 521 improbaretur.

95 533 187 610 igitur
206 530 357 591 Ciceronis
377 530 510 590 consiliis
529 530 688 591 abolitione
708 531 835 612 decreta,
855 550 892 592 ne
912 539 1010 592 tamen
1028 531 1102 611 pub·
1121 544 1139 591 4

95 619 146 680 lici
165 619 274 679 doloris
294 618 395 680 oculos
414 620 547 700 ferirent,
570 622 602 680 in
620 622 787 698 provincias
806 620 842 680 ab
862 620 912 680 illo
931 623 995 700 ipso
1015 639 1103 698 quem

69 708 265 769 socorderant
296 707 421 768 Caesare
459 708 556 789 datas,
593 708 708 788 Syriam
740 716 769 769 et
784 710 786 715 ’
800 709 1000 770 Macedoniam
1032 727 1102 769 con-

96 803 254 858 cesserant.
301 799 344 857 sic
372 796 499 857 vindicta
527 796 662 858 Caesaris
692 797 781 857 dilata
807 800 907 877 potius
935 816 1022 886 quam
1052 816 1103 877 op·

94 904 197 965 pressa
221 892 273 946 est.

160 975 254 1054 lgitm
277 976 335 1034 iam
360 975 493 1035 ordinata
516 977 617 1054 magis'
632 982 666 1035 ut
684 982 800 1054 poterat
819 994 907 1054 quam
925 982 958 1036 ut
977 975 1103 1036 debehat
1122 989 1138 1036 a

94 1067 173 1124 inter
200 1065 373 1123 triumviros
401 1081 434 1123 re
462 1063 594 1144 publica,
624 1063 727 1124 relicto
755 1064 790 1124 ad
814 1064 898 1125 urhis
920 1065 1103 1144 praesidium

56 1170 82 1208 10
95 1153 220 1233 Lepido,
248 1151 355 1213 Caesar
379 1171 446 1212 cum
468 1152 595 1214 Antonio
618 1155 649 1213 in
673 1153 808 1214 Cassium
830 1153 1011 1232 Brutumque
1036 1173 1102 1214 suc-

97 1244 233 1320 cingitur.
278 1241 322 1300 illi
350 1245 525 1320 comparatis
553 1241 723 1320 ingentibus
750 1244 844 1320 copiis
868 1243 991 1303 eandem
1014 1242 1137 1323 illam,o

99 1348 172 1408 quae
197 1329 292 1389 fatalis
312 1329 410 1390 Gnaeo
429 1329 568 1410 Pompeio
588 1331 652 1411 fuit,
675 1331 816 1390 harenam
834 1331 1012 1392 insederant.
1051 1332 1103 1391 sed

97 1436 152 1478 nec
171 1428 235 1478 tum
254 1421 430 1478 inminentia
449 1419 611 1479 destinatae
632 1419 722 1479 eladis
742 1422 825 1498 signa
840 1419 998 1480 latuerunt.
1035 1438 1102 1479 nam
1122 1435 1136 1483 r

99 1515 128 1567 et
159 1509 252 1585 signis
285 1507 394 1567 insedit
420 1526 544 1568 examen
572 1514 601 1567 et
629 1507 766 1568 adsuetae
795 1508 969 1568 cadaverum
995 1508 1102 1586 pabulo

59 1611 83 1650 15
98 1595 233 1656 volucres
257 1604 353 1656 castra
376 1599 461 1674 quasi
483 1599 542 1656 iam
560 1615 612 1657 sua
631 1595 887 1677 circumvolabant,
910 1603 940 1656 et
958 1598 990 1656 in
1008 1599 1102 1656 aciem

96 1685 310 1764 prodeuntibus
339 1685 443 1745 obvius
465 1684 605 1762 Aethiops
634 1687 723 1744 nimis
748 1691 848 1763 aperte
872 1684 962 1744 ferale
986 1687 1102 1763 signum

97 1775 159 1834 luit.
206 1776 323 1853 ipsique
351 1773 442 1832 Bmto
469 1791 524 1851 per
551 1780 681 1853 noctem,
714 1791 781 1833 cum
809 1773 898 1833 inlato
926 1773 1036 1834 lumine
1065 1788 1137 1836 exa
1196 1821 1200 1830 .

96 1881 177 1923 more
207 1863 304 1940 aliqua
332 1880 433 1922 secum
461 1864 596 1942 agitaret,
624 1869 686 1922 atra
709 1861 852 1940 quaedam
875 1865 971 1940 imago
995 1880 1026 1922 se
1051 1864 1101 1942 op-

96 1950 164 2011 tulit
187 1958 217 2011 et
240 1965 314 2028 quae
338 1958 417 2010 esset
436 1942 615 2028 interrogata
634 1946 726 2011 ‘tuus'
745 1953 842 2029 inquit
861 1947 966 2011 ‘malus
985 1947 1100 2030 genius'

54 2057 79 2094 no
95 2059 128 2100 ac
153 2038 207 2098 suh
232 2038 325 2098 oculis
348 2040 483 2099 mirantis
507 2041 632 2100 evanuit.
668 2041 734 2117 pari
756 2042 788 2099 in
806 2040 929 2100 meliora
947 2043 1100 2119 praesagio
1120 2056 1136 2104 1

164 2214 178 2260 1
203 2209 349 2277 appareret
367 2209 402 2263 N
420 2212 429 2279 ΙΙ
449 2217 464 2262 2
488 2209 646 2265 immineret
664 2211 697 2264 N
716 2210 849 2265 imineret
866 2212 893 2265 L
918 2216 922 2278 Ι
948 2212 1046 2266 caedes
1065 2243 1100 2252 —

92 2279 226 2333 ciceronis
245 2297 295 2334 om.
317 2279 340 2334 0
359 2282 368 2350 ΙΙ
389 2287 405 2334 3
424 2281 545 2335 consulis
568 2282 607 2352 οΙ
623 2281 682 2336 Nec
700 2284 727 2336 L
745 2285 753 2353 ΙΙ
774 2288 792 2336 4
810 2283 904 2337 oculos
924 2285 947 2352 (s
966 2287 1101 2352 ccpuuuit

91 2369 125 2405 m.
141 2353 171 2420 2)
190 2351 224 2404 N
236 2351 240 2423 Ι
257 2354 383 2422 sparrent
401 2352 454 2420 (fer
471 2370 557 2423 supra
575 2370 624 2423 spe
643 2372 676 2408 ru.
691 2356 721 2423 2)
736 2355 770 2408 N
783 2354 888 2408 ferrent
901 2355 928 2408 L
945 2356 955 2424 ΙΙ
974 2362 989 2408 6
1010 2354 1099 2408 dilata

92 2423 212 2492 (virgula
230 2425 319 2491 eraso)
338 2423 365 2476 L
381 2427 385 2491 Ι
402 2426 535 2493 obpressa
552 2424 583 2494 (b
601 2427 633 2479 iu
650 2443 669 2494 p
687 2428 805 2480 mutavit
821 2444 855 2480 ui.
871 2428 901 2495 2)
915 2427 949 2480 N
963 2427 972 2496 ΙΙ
989 2430 1005 2478 8
1024 2424 1100 2495 gitur

92 2495 193 2562 (littera
215 2496 336 2548 1111111111
356 2512 414 2549 riou
436 2497 553 2565 captata)
572 2497 599 2549 L
624 2497 628 2564 Ι
653 2497 711 2549 iam
734 2513 783 2552 om.
805 2497 829 2552 G
850 2500 854 2564 Ι
879 2513 965 2564 quam
982 2495 1100 2550 uidebat

92 2569 153 2632 (ou.
168 2568 210 2634 ut)
229 2565 263 2618 N
277 2567 286 2635 Ι
305 2570 320 2617 9
339 2565 370 2618 in
387 2565 473 2619 trium
491 2564 567 2619 uiros
588 2566 627 2634 01
642 2583 687 2620 res
705 2567 820 2636 publica
833 2569 861 2620 N
881 2570 890 2637 Ι
908 2572 940 2619 11
960 2567 1100 2635 coporalis

92 2636 152 2689 BL
166 2638 175 2705 ΙΙ
190 2642 222 2689 12
238 2635 320 2705 gneio
340 2636 361 2704 (i
375 2654 461 2704 supra
474 2654 579 2691 uersum
592 2654 626 2691 m.
642 2640 668 2707 1)
683 2637 717 2690 Ν
728 2641 732 2704 Ι
750 2653 864 2691 arenam
877 2638 903 2690 L
920 2639 924 2706 Ι
940 2636 1101 2691 insederant

92 2708 121 2776 (n
143 2724 230 2775 supra
252 2709 367 2775 uersum)
385 2707 413 2760 Β
434 2712 438 2773 Ι
460 2707 495 2759 ed
518 2708 619 2774 (littera
641 2709 761 2762 1111111111
783 2725 840 2762 uou
860 2709 976 2777 captata)
994 2708 1021 2760 L
1039 2710 1048 2777 ΙΙ
1067 2714 1099 2762 13

92 2793 144 2830 nec
162 2778 206 2829 tot
219 2778 256 2843 Β,
275 2783 304 2830 at
322 2795 345 2831 o.
357 2796 386 2846 p.
402 2782 464 2844 145,
478 2782 517 2832 20
532 2778 537 2845 Ι
552 2776 729 2831 imminentia
743 2779 771 2832 Β
789 2777 955 2832 inminentia
969 2780 1076 2846 (ultima
1090 2779 1101 2832 i

93 2865 180 2916 supra
203 2864 307 2901 cersuru
330 2865 364 2902 ui.
384 2856 398 2901 1
424 2854 449 2902 11
472 2865 485 2900 1
508 2865 593 2916 supra
615 2864 683 2902 auc.
702 2851 731 2919 2)
749 2849 783 2903 N
804 2850 809 2918 Ι
834 2848 922 2902 cladis
941 2849 1100 2904 destinatae

94 2920 228 2986 (ultimam
251 2934 266 2971 1
289 2921 425 2986 eupuuccit
442 2919 474 2972 N
480 2917 499 2987 ²)
520 2919 543 2973 O
563 2917 730 2973 inminentia
753 2921 803 2975 det.
822 2921 997 2988 Perizonius,
1023 2927 1053 2975 11
1074 2940 1098 2976 o.

89 2994 229 3059 116114
248 2995 274 3042 11
291 2995 353 3057 115,
367 2994 402 3044 21
423 2989 581 3043 destinatae
595 2991 736 3059 Halmius,
754 2998 783 3045 at
800 3010 824 3047 u.
837 3010 865 3061 p.
881 2996 929 3058 82,
943 2995 982 3047 22
997 2995 1001 3058 Ι
1018 2990 1100 3060 signa

92 3079 142 3115 oui.
157 3061 185 3114 Β
204 3058 298 3113 omina
312 3062 449 3141 positum
463 3063 543 3116 eiecto
558 3060 639 3130 signa
653 3063 716 3116 cdd.
728 3063 868 3130 Halmius,
886 3080 924 3116 ou
937 3062 1099 3117 inminentis

93 3131 234 3185 destinato
249 3129 338 3184 cladis
353 3131 453 3202 signa?
466 3134 476 3202 ΙΙ
492 3137 524 3186 14
539 3133 608 3186 11-
621 3148 738 3186 examen
751 3151 800 3188 oui.
813 3134 836 3188 C
849 3133 853 3205 Ι
870 3134 999 3188 assuetae
1008 3136 1100 3203 (prior

91 3219 103 3255 s
122 3221 156 3257 ru.
177 3208 192 3256 1
212 3209 331 3257 correcta
354 3220 387 3258 eu
404 3204 434 3273 b)
453 3205 481 3258 Β
500 3206 628 3258 11111111
648 3204 675 3256 L
697 3206 706 3274 ΙΙ
729 3210 762 3257 15
782 3206 875 3259 castra
894 3222 943 3259 oui.
962 3206 1004 3273 Β,
1026 3212 1056 3259 ut
1073 3224 1097 3261 o.

93 3274 263 3328 Plutarchus
280 3275 363 3329 Brut.
382 3279 418 3330 39
442 3275 447 3344 Ι
473 3276 501 3329 11
519 3293 568 3330 oui.
589 3275 623 3328 N
641 3277 650 3344 ΙΙ
675 3281 707 3328 16
726 3275 826 3330 obuius
845 3276 873 3345 (b
891 3294 977 3345 supro
994 3293 1099 3330 uersum

90 3363 123 3400 ui.
140 3347 171 3414 2)
188 3345 222 3398 N
235 3345 238 3416 Ι
256 3344 386 3416 aethiope
404 3347 432 3400 Β
447 3347 452 3415 Ι
468 3345 580 3417 signum
598 3347 637 3416 (m
655 3354 775 3402 correcto
793 3365 828 3402 ecc
845 3350 873 3415 st
891 3348 917 3399 B
934 3349 1004 3411 111
1019 3346 1113 3394 'tim

90 3416 117 3467 L
134 3418 147 3484 ΙΙ
170 3421 204 3469 18
221 3415 330 3488 imagos
355 3419 384 3472 et
404 3419 435 3474 iu
453 3417 550 3490 imago
568 3450 574 3462 ·
589 3435 621 3474 sa
641 3422 765 3475 coercuit
782 3419 825 3472 Bi
845 3421 863 3482 Ι
880 3412 994 3468 souma
1005 3411 1039 3457 11
1055 3409 1165 3503 xxi-{Q

80 3487 215 3550 quiesset
230 3489 262 3541 B
276 3494 283 3555 r
297 3488 402 3561 aqum
417 3493 446 3548 1
467 3493 473 3567 Ι
497 3510 608 3566 genus.
623 3494 652 3549 n
671 3495 688 3564 Ι
708 3497 748 3546 ao
760 3491 828 3545 nse
845 3484 905 3540 an
921 3476 1037 3555 11111
1053 3471 1090 3517 s,
1103 3477 1193 3571 ζῶ,

68 3553 109 3604 N
117 3553 180 3608 Hoc
205 3557 281 3615 dixit
300 3565 332 3619 et
351 3565 393 3624 L:
422 3585 499 3626 corr.
521 3569 683 3643 Houptius
707 3568 722 3637 Ι
743 3561 902 3618 mirantes
918 3553 952 3618 ta
970 3559 1008 3594 ia
1021 3554 1044 3585 “-
1058 3543 1114 3579 'm
