2436 3826
144 207 188 272 54
507 209 617 260 suoru
635 208 795 259 armona
858 186 873 223 ·’

113 373 117 380 ’
143 376 239 434 aciem
263 380 383 433 secutus
407 375 512 450 ingens
535 379 632 432 terrae
656 379 781 452 tremor3
812 374 871 432 nisi
894 372 978 455 illum
1000 372 1160 433 horrorem

143 461 200 522 soli
228 464 362 540 equitnm
390 464 580 540 virorumque
609 461 762 521 discursus
791 468 820 520 et
846 469 925 522 mota
950 461 1159 522 vehementius

143 569 224 610 arma
247 551 390 611 lecerunt.

89 651 122 700 10
211 639 354 709 Quartum
378 639 408 698 id
432 645 478 698 est
498 656 592 717 paene
610 636 749 698 ultimum
767 637 872 697 volnus
890 640 1010 716 imperii
1030 638 1160 721 Cannae,

141 726 281 806 ignobilis
300 727 423 806 Apuliae
446 730 544 806 vicus3
569 727 621 786 sed
645 726 847 804 magnitudine
871 725 963 787 cla'dis
985 730 1110 788 emersit
1130 736 1160 789 et
1185 751 1198 791 s

142 819 294 894 sexaginta
322 816 438 877 milium
466 815 556 876 caede
585 823 668 893 parta
691 813 838 874 nobilitas.
885 814 928 875 ibi
951 817 983 875 in
1006 816 1158 878 excidium

141 904 270 965 infelicis
293 907 443 965 exercitus
468 904 528 964 dux
551 911 640 984 terra,
664 903 778 964 caelum
802 903 876 984 dies,
898 910 960 964 tota
983 922 1086 965 rerum
1107 924 1158 966 na-

88 1004 122 1052 16
141 998 208 1053 tura
231 995 391 1053 consensit.
429 994 455 1052 si
480 991 601 1070 quidem
624 1009 683 1052 non
707 999 865 1052 contentus
888 992 1035 1053 simulatis
1058 995 1157 1055 trans·

142 1081 220 1158 fugis
252 1080 410 1162 Hannibal,
446 1083 498 1160 qui
529 1099 598 1140 mox
630 1089 713 1160 terga
745 1083 940 1160 pugnantium
973 1081 1157 1164 ceciderunt,

142 1171 265 1248 insuper
289 1169 412 1230 callidus
438 1172 600 1248 imperator
622 1172 653 1229 in
672 1169 843 1249 patentibus
863 1172 974 1249 campis
999 1170 1157 1232 observato
1171 1195 1195 1234 ιο

141 1256 199 1316 1001
223 1260 352 1339 ingenio,
377 1258 455 1336 quod
479 1265 509 1318 et
532 1257 577 1317 sol
599 1259 642 1318 ibi
661 1261 825 1319 acerrimus
844 1266 874 1318 et
891 1258 1038 1338 plurimus
1057 1259 1157 1338 pulvis

142 1353 172 1404 et
196 1363 286 1406 eurus
310 1345 347 1406 ab
371 1349 486 1407 oriente
510 1365 629 1426 semper
652 1349 738 1425 quasi
761 1347 797 1406 ad
821 1349 1016 1408 constitutum
1039 1350 1089 1423 ita
1110 1351 1156 1408 in-

141 1437 250 1495 struxit
278 1437 386 1517 aoiem,
413 1443 448 1495 ut
469 1435 611 1495 Romanis
637 1435 778 1496 adversus
801 1435 874 1496 haec
897 1437 996 1495 omnia
1020 1435 1155 1497 obversis

140 1523 303 1584 secundnm
340 1523 455 1585 caelum
491 1531 597 1584 tenens
630 1530 717 1590 rento
749 1523 871 1602 pulvere
905 1523 967 1584 sole
1000 1532 1154 1604 pugnaret.

88 1624 121 1674 17
141 1613 240 1690 itaque
263 1613 321 1673 dno
346 1615 466 1673 maximi
490 1614 641 1673 exercitus
664 1615 744 1673 oaesi
768 1612 803 1672 ad
827 1612 957 1672 hostium
977 1614 1154 1694 satietatem,
1169 1634 1193 1673 ra

140 1700 234 1761 donec
257 1701 403 1762 llannibal
430 1701 544 1762 diceret
572 1700 674 1761 militi>
689 1719 743 1761 suo
767 1696 871 1779 ‘parce
896 1696 996 1761 ferro'.
1043 1701 1154 1763 ducum

139 1788 213 1866 fugit
236 1789 323 1871 alter,
347 1790 421 1850 alter
445 1793 562 1850 occisus
586 1797 644 1871 est3
667 1789 791 1850 dubium
814 1795 881 1849 uter
904 1791 1016 1849 maiore
1038 1792 1153 1851 animo:

87 1889 120 1939 18
139 1876 262 1937 Paulum
288 1878 408 1958 puduit,
436 1878 527 1939 Varro
553 1896 613 1938 non
637 1878 812 1956 desperavit.
860 1877 1036 1938 documenta
1059 1877 1153 1939 cladis

139 1973 281 2026 cruentus
309 1965 490 2044 aliquamdiu
517 1966 653 2046 Aufidus,
680 1985 755 2045 pons
777 1965 820 2024 ·de
848 1965 1040 2026 cadaveribus
1067 1969 1152 2028 iussu

139 2053 223 2114 ducis
258 2055 351 2115 factus
384 2057 415 2113 in
447 2062 580 2114 torrente
612 2054 752 2135 Vergelli‚
788 2054 868 2114 modi
902 2055 960 2115 duo
993 2054 1151 2117 anulorum
1166 2076 1191 2116 ao

139 2141 347 2220 Carthaginem
374 2144 460 2202 missi
488 2142 676 2221 dignitasque
705 2144 853 2222 equestris
880 2149 977 2202 taxata
1001 2161 1151 2206 mensura.

209 2295 231 2348 Ι
247 2299 259 2346 1
280 2297 447 2362 sequuturus
466 2296 494 2350 Β
514 2298 519 2366 1
539 2295 639 2367 ingens
663 2312 712 2351 om.
728 2298 765 2364 ΙΙ
782 2279 905 2350 brrorem
928 2297 1054 2365 (spiritus
1072 2315 1107 2353 m.
1126 2301 1153 2368 1)

138 2365 166 2418 Β
179 2366 218 2433 112
238 2380 372 2432 equorum
387 2367 415 2422 0.
433 2368 569 2423 Melaenae
583 2368 678 2421 annal.
689 2367 786 2435 philol.
802 2367 906 2424 CXXI
914 2371 1013 2434 (1850)
1029 2385 1060 2437 p.
1075 2372 1133 2424 216
1148 2370 1152 2440 1

139 2433 332 2489 uehementius
351 2437 380 2506 (h
398 2454 483 2506 supra
501 2455 607 2494 ocream
624 2441 701 2508 nt.1)
720 2437 748 2490 Β
762 2441 802 2507 11
820 2436 924 2490 uulnus
939 2437 999 2491 AL
1014 2440 1019 2508 1
1035 2454 1154 2494 eamnae

138 2506 166 2558 Β
180 2507 219 2574 11
239 2507 276 2559 ad
294 2507 518 2577 magnitudinem
536 2511 592 2565 cod.
613 2509 696 2564 Heid.
715 2509 867 2578 Iordanis}
884 2507 974 2562 cladis
993 2507 1014 2578 (i
1032 2517 1155 2567 correcta

138 2593 172 2631 00
191 2593 205 2631 0
223 2595 257 2632 na.
277 2580 304 2648 1)
322 2579 350 2632 Β
368 2581 377 2648 11
396 2586 411 2632 6
430 2579 485 2634 XL.
502 2580 643 2650 Olfacta.
658 2579 693 2633 N
709 2583 712 2645 Ι
733 2578 851 2632 exitium
871 2578 894 2633 0
909 2583 918 2650 1
937 2585 951 2632 7
971 2594 1024 2634 re*
1042 2596 1106 2633 rum
1122 2583 1157 2706 qg

137 2649 245 2704 videtur
262 2666 342 2704 erasa
360 2653 422 2721 esse)
436 2651 470 2705 N
480 2652 520 2720 118
539 2651 735 2705 contententus
755 2651 903 2720 (posterius
918 2651 967 2704 ten
980 2650 1108 2721 deletam)

138 2721 314 2789 contemptus
333 2721 360 2774 L
380 2726 384 2789 1
404 2721 559 2790 transfugis
579 2723 726 2789 (posterior
745 2737 757 2773 s
775 2738 809 2774 mv.
829 2726 845 2774 1
865 2727 985 2776 correcta
1003 2723 1078 2790 001)
1097 2722 1126 2776 Β
1143 2722 1154 2795 11

138 2797 154 2844 9
173 2790 289 2845 annibal
308 2792 335 2845 A
351 2794 356 2862 1
372 2792 533 2847 ceciderant
551 2792 611 2846 AL
629 2791 770 2845 ceciderat
788 2791 829 2847 N:
849 2808 918 2846 corr.
936 2808 978 2862 op.
993 2793 1052 2859 110
1071 2791 1152 2846 00111-

138 2861 270 2916 dissimus
292 2863 331 2932 Ol
347 2863 377 2917 in
394 2880 482 2933 supra
499 2879 604 2919 oeream
622 2864 650 2916 Β
666 2863 671 2931 1
687 2860 848 2916 obseruatio
866 2862 894 2916 L
915 2865 925 2932 1
947 2867 978 2915 11
998 2861 1152 2919 acerrimus

138 2935 183 3001 (ac
201 2940 351 2989 correctum
368 2951 402 2989 ex
421 2950 470 2987 acc
488 2951 522 2989 m.
537 2935 565 3002 1)
579 2935 607 2987 Β
625 2935 634 2999 11
653 2939 784 2986 rasurus
803 2934 860 3001 (rus
873 2935 905 2987 10
918 2948 1019 2988 rasura
1033 2935 1154 3006 quiaque

138 3005 290 3059 litterarum
314 3022 348 3059 m.
368 3009 394 3073 1)
419 3021 500 3059 eurus
523 3005 594 3058 flans
618 3004 750 3059 Halmius
774 3003 779 3075 1
803 3019 836 3057 ex
861 3003 1015 3058 constituto
1034 3004 1062 3057 Β
1085 3008 1095 3075 1
1119 3011 1153 3061 13

138 3072 249 3130 omnia.
261 3075 396 3130 aduersis.
418 3076 441 3129 0
460 3079 469 3144 11
493 3081 526 3129 11
546 3074 628 3144 quasi
646 3082 709 3130 aute
728 3074 881 3128 secundum
899 3075 963 3129 add.
985 3074 1071 3142 0101
1089 3083 1155 3133 ante

138 3145 197 3199 sole
216 3147 280 3201 add.
301 3147 328 3201 A
341 3149 351 3216 11
365 3151 398 3199 15
417 3145 557 3200 maximae
575 3147 597 3199 I
606 3149 615 3215 11
630 3152 663 3199 lo
681 3144 818 3198 hannibal
837 3144 866 3213 (h
884 3161 971 3214 supra
988 3149 1106 3216 versum)
1125 3149 1154 3202 Β

138 3215 257 3270 annibal
274 3219 296 3271 Ι
314 3221 324 3286 11
347 3223 379 3271 17
399 3216 499 3287 effugit
519 3217 543 3272 0
561 3221 571 3286 11
594 3222 628 3271 18
647 3215 838 3286 disperavitI
856 3225 859 3279 1
881 3214 971 3270 cladis
989 3218 1015 3284 (c
1033 3225 1156 3274 correcta

132 3305 172 3345 m.
192 3294 211 3344 2
231 3305 265 3343 000
283 3291 311 3357 g)
330 3289 364 3341 N
374 3291 383 3357 11
398 3294 430 3342 19
450 3286 618 3357 aliquandiu
636 3287 695 3341 BL
711 3291 715 3356 1
732 3286 841 3340 aufidus
860 3288 952 3356 (prior
970 3305 989 3340 u
1007 3303 1067 3356 sup.
1086 3306 1155 3346 vera

136 3376 172 3413 m.
189 3361 215 3427 1)
230 3360 257 3412 Β
276 3358 353 3413 haud
367 3359 438 3412 lidus
453 3360 530 3415 codd.
546 3359 629 3414 Heia.
644 3359 706 3412 Pal.
721 3358 853 3412 Iordanis
867 3359 917 3411 aut
930 3357 1002 3411 fidus
1018 3359 1077 3414 Vol.
1092 3360 1155 3417 Ior-

137 3430 221 3484 danis
229 3429 239 3500 11
248 3434 284 3483 20
293 3429 418 3499 uergello
426 3430 462 3498 A,
472 3437 502 3484 at
510 3448 534 3485 0.
541 3447 571 3500 p.
579 3433 772 3497 18,19‚·79‚16
783 3428 787 3499 1
799 3428 888 3482 modii
895 3430 1041 3498 (posterior
1050 3428 1156 3501 iaupra

131 3514 239 3552 aemam
252 3517 288 3553 m.
296 3504 327 3570 2)
335 3502 374 3555 N
381 3500 470 3556 modii
480 3501 541 3556 AL
554 3503 564 3572 11
578 3505 610 3554 21
627 3498 772 3569 cartagine
785 3502 817 3554 in
831 3499 1024 3569 carthaginem
1037 3504 1158 3559 mutavit

111 3565 164 3615 θ’
178 3570 362 3639 cartaginem
378 3574 406 3628 L
423 3573 597 3649 chartagine
613 3573 633 3629 Ι
645 3576 651 3646 1
667 3569 797 3644 equestri
809 3570 839 3625 N
853 3574 985 3637 equeshra
996 3570 1023 3621 L
1033 3572 1158 3636 ttaxata
