2436 3826
96 172 185 227 XLVI
407 174 608 227 PRAEFATIO
626 175 796 227 EDITORIS

96 362 177 401 mam
191 343 361 402 cautionem
377 342 576 402 adhibendam
591 360 655 402 esse
668 342 797 400 maxime
813 362 849 401 ex
859 342 1106 418 inscriptionibus

96 432 301 511 intellegitur,
329 436 430 491 tamen
452 432 501 492 hic
525 433 563 490 ad
586 431 711 490 eandem
734 434 866 491 aetatem
888 432 1105 510 nominumque

97 522 326 581 similitudinem
366 521 457 581 tertia
498 539 589 580 causa
629 520 746 580 accedit
786 539 881 597 eaque
917 521 1105 599 gravissima.

96 609 288 671 Woelfflinus
316 610 395 669 enirn
422 629 535 687 paucas
561 610 630 668 illas
659 609 773 687 dialogi
794 610 920 687 paginas
949 613 980 669 et
1008 612 1104 687 epito-

93 719 175 759 mam
202 705 266 760 tam
292 703 360 759 arta
386 700 526 759 dictionis
554 699 731 776 cognatione
761 699 841 757 inter
868 717 898 758 se
928 699 1104 760 coniunctas

95 807 160 848 esse
188 790 291 849 docuit
317 793 352 848 ut
380 789 546 848 abeodem
572 787 692 847 homine
718 806 769 847 eas
791 789 941 864 profectas
964 807 1028 848 esse
1051 809 1103 848 ne·

95 897 176 937 cesse
210 880 250 937 sit
258 871 289 958 ¹).
339 879 444 955 itaque
471 879 533 936 iam
560 877 705 936 habemus
732 876 765 935 L.
784 877 944 935 Annaeum
972 909 1013 919 -
1042 879 1105 938 sive

96 966 225 1026 Charisii
248 959 436 1048 (p.53,14;
461 969 534 1043 140,
555 957 635 1046 6Κ.)
659 966 792 1026 codicem
809 966 1012 1026 Borbonicum
1035 985 1104 1026 curn

93 1055 284 1115 Bruxellensi
305 1058 410 1116 10677
431 1054 667 1114 consentientem
685 1055 772 1131 sequi
789 1057 893 1133 marie,
912 1055 1045 1115 Annium
1060 1089 1103 1098 —

93 1145 231 1223 Florum,
255 1153 377 1221 poetam
401 1147 432 1204 et
453 1145 605 1203 rhetorem
628 1146 666 1222 et,
691 1144 716 1202 si
738 1145 783 1203 ita
806 1145 954 1221 epitomae
978 1146 1103 1222 scripto·

93 1253 158 1293 rem
182 1234 335 1310 appellare
358 1233 437 1311 licet,
465 1233 649 1292 historicum.
697 1233 782 1292 cuius
806 1234 842 1292 de
865 1234 930 1293 vita
953 1254 1029 1311 quae
1054 1254 1103 1293 ex-

93 1323 208 1399 plorari
229 1326 365 1401 possunt,
389 1341 458 1381 eum
480 1323 564 1381 facili
586 1321 707 1398 negotio
731 1322 860 1381 maxime
884 1342 920 1381 ex
938 1323 1053 1401 dialogi
1072 1327 1103 1384 et

93 1411 260 1470 carminum
278 1412 456 1489 fragmentis
474 1414 619 1487 petantur
637 1414 668 1471 et
690 1411 752 1469 iam
775 1411 813 1470 ab
836 1411 905 1470 aliis
928 1412 1010 1472 dicta
1032 1413 1102 1490 sint,

92 1501 141 1559 hic
163 1503 299 1577 repetere
321 1492 447 1581 n01u12).

0 1599 46 1638 ori
119 1635 121 1639 Α
162 1590 221 1649 Sed
243 1593 432 1650 transeamus
456 1591 494 1648 ad
516 1589 616 1648 Flori
639 1589 788 1665 scripta
829 1590 984 1666 dialogum
1006 1590 1102 1667 igitur

1 1652 148 1756 ‘tiqui
175 1680 319 1753 recreas
346 1684 444 1739 oram
475 1697 515 1738 aa
540 1683 628 1752 poeto
659 1679 834 1738 ascusam·
862 1678 998 1754 lepidum
1024 1680 1102 1738 uiue

3 1759 80 1853 ¹2„
93 1769 280 1844 prooemium
307 1769 475 1828 Tarracone
503 1767 702 1844 compositum
732 1786 794 1827 esse
824 1759 994 1846 ostendit3).
1041 1787 1100 1845 quo

93 1860 196 1917 autem
227 1858 315 1917 modo
347 1858 447 1934 ipsum
479 1859 689 1934 argumentum
719 1859 886 1916 tractatum
913 1856 1006 1917 fuerit
1032 1875 1102 1917 con·

90 1942 214 2005 iacturis
238 1948 358 2023 assequi
381 1965 440 2005 non
458 1965 626 2022 possumus.
654 1945 712 2005 nisi
735 1946 817 2022 quod
838 1946 922 2005 Flori
944 1946 1112 2023 aliquanto.

90 2036 267 2096 viridiorem
300 2039 331 2094 et
361 2035 577 2110 elegantiorem
605 2035 842 2111 disputationem
868 2034 962 2094 fuisse
993 2035 1100 2112 proba·

90 2124 151 2183 bile
175 2127 222 2183 est
245 2143 335 2200 quam
358 2123 510 2200 Macrobii,
539 2123 591 2200 qui
618 2124 694 2182 libro
719 2123 962 2183 Saturnaliorum
991 2127 1099 2201 quarto

90 2213 214 2272 eandem
243 2213 449 2292 quaestionem
477 2212 521 2270 ita
544 2213 636 2272 solvit
657 2215 693 2270 ut
716 2232 795 2272 unus
818 2213 1015 2272 interlocutor
1039 2232 1099 2272 om·

163 2420 189 2488 1)
213 2416 329 2471 ‘Archiv
355 2416 401 2469 fur
423 2415 519 2471 latein.
543 2415 778 2486 Lexikographie’
804 2416 844 2470 VI
866 2418 957 2486 (1889)
979 2436 1006 2486 p.
1027 2424 1095 2487 lsq.

90 2489 159 2544 addi
181 2491 275 2558 potest
301 2487 408 2556 pariter
431 2490 516 2556 atque
539 2487 569 2541 in
592 2487 716 2557 epitoma
737 2491 877 2542 terrarum
898 2488 1013 2544 nomina
1036 2489 1097 2544 sinc

89 2560 345 2685 praepositionibig
359 2558 426 2628 poni
441 2562 477 2629 (p.
489 2565 548 2628 182,
563 2566 592 2627 63
613 2564 672 2629 185,
687 2562 714 2628 4)
728 2561 757 2614 et
769 2558 915 2613 nominum
929 2559 1098 2616 Graecorum

88 2636 530 2786 mmpepplpeessohrffipppgpffis
540 2633 614 2757 (igd’.
627 2636 674 2772 21³,
685 2634 922 2787 718865’01lise2r’vdv5it
943 2703 1096 2758 versiculos

87 2774 744 2915 llariditalicrediderat
766 2774 1097 2900 lllrlltltfltlsl

88 2918 164 2986 quod
182 2916 296 2971 Florum
321 2915 404 2970 aliter
428 2919 513 2985 atque
536 2915 711 2970 Hadrianum
735 2915 855 2970 Graecos
880 2916 944 2970 odio
963 2916 1097 2971 habuisse

88 3005 123 3043 ex
140 2990 194 3043 hoc
213 2987 336 3042 carmine
355 2986 465 3057 colligit
483 2988 571 3057 (anth.
590 2987 651 3042 Lat.
667 2988 709 3042 ed.
724 2986 807 3041 Riese
827 2993 877 3040 250
893 3014 926 3033 =
941 2990 1014 3055 poet.
1034 2988 1095 3042 Lat.
1156 3035 1159 3039 .

86 3060 153 3114 min.
174 3061 216 3114 ed.
236 3059 376 3113 Baehrens
396 3059 435 3112 IV
453 3061 528 3127 417);
565 3077 660 3128 sperae
682 3075 767 3113 mores
794 3061 1000 3126 transmarinos,
1024 3061 1097 3113 melle

86 3133 185 3187 lrabeat
199 3132 307 3199 offucic.
327 3133 383 3185 cicc
393 3131 518 3185 Romarm
529 3149 580 3200 per
593 3133 683 3185 orbem
695 3146 772 3184 acmo
787 3131 854 3184 eicit
867 3133 981 3197 reclina
996 3133 1096 3200 quippe

86 3205 180 3258 malim
198 3221 285 3257 caum
304 3202 432 3257 Catonem
449 3219 531 3272 quom
547 3209 675 3256 trecentos
694 3200 828 3256 Socrates.
865 3203 1096 3281 namicctctc'oae

86 3273 284 3355 imperatorem
307 3289 418 3341 quoqne
438 3273 478 3354 de·
490 3273 610 3328 Homero
630 3274 659 3327 et
677 3273 794 3327 Platone
818 3271 988 3396 indiffamse
1013 3272 1095 3353 Spar-

86 3345 543 3484 prfflaffipdergtlghgpntrpldppupt
559 3347 685 3399 vetustos
700 3345 841 3398 Romanos
894 3360 908 3397 e
926 3360 984 3397 non
1001 3360 1094 3396 minus

144 3489 175 3551 3)
204 3504 225 3537 ν,
253 3490 375 3554 praeter
400 3486 473 3542 alios
501 3486 673 3542 Ritschelius
699 3486 717 3542 l.
737 3503 758 3540 c.
784 3504 810 3556 p.
827 3491 878 3539 308
889 3503 929 3554 sq.
958 3485 991 3539 cf.
1016 3486 1094 3539 Aem.

47 3546 232 3606 Hrehnerur
257 3556 408 3614 ‘Hermae'
428 3560 444 3615 1
461 3562 557 3633 (1866)
576 3579 605 3632 p.
620 3565 654 3616 9⁵1
666 3577 707 3630 sq.
