2436 3826
127 190 190 255 172
486 197 597 248 suoru
614 197 774 248 serrone

127 360 171 420 illi
203 362 301 420 statim
333 366 400 420 ante
431 363 524 421 aciem
555 360 704 420 immolato
737 380 813 440 equo
842 380 1004 441 concepere
1031 368 1131 421 votum

75 460 108 508 16
127 456 160 510 ut
183 467 337 509 caesorum
360 451 436 509 extis
460 450 569 509 ducum
592 456 621 509 et
639 449 758 510 litarent
776 457 806 511 et
823 457 1021 512 vescerentur.
1060 450 1131 510 deos

127 539 245 598 audisse
273 537 463 598 crediderim:
491 557 546 598 nec
573 537 660 598 tubas
680 541 835 600 sustinere
857 545 1026 620 potuerunt.
1072 557 1132 599 non

126 629 282 687 minimum
300 629 425 687 terroris
443 629 569 687 incussit
587 626 720 687 barbaris
735 627 892 689 Cornidius
911 630 1045 689 centurio
1061 630 1131 687 satis

126 714 283 795 barbarae,
311 715 440 775 efficacis
467 723 566 776 tamen
596 723 665 795 aput
691 716 765 776 tales
793 717 927 778 homines
954 716 1131 796 stoliditatis,
1159 730 1172 769 ⁵

127 806 179 883 qui
206 803 335 864 loculum
363 822 470 882 gerens
498 823 588 884 super
615 806 760 866 cassidem
791 809 931 884 agitatum
957 812 1040 866 motu
1068 823 1132 866 cor-

126 895 208 972 poris
232 892 379 952 llammam
403 893 482 953 velut
505 893 621 953 ardenti
643 895 739 972 capite
762 895 934 956 lunditabat.

364 1155 475 1217 XXVII.
507 1156 656 1218 BELLVM
678 1158 899 1235 THRACICVM.

75 1325 108 1374 17
193 1299 323 1359 Thraces
345 1306 430 1359 antea
454 1318 541 1378 saepe
565 1307 594 1360 et
612 1307 676 1361 tum
694 1303 820 1362 maxime
838 1301 1044 1368 Rhoemetalce
1063 1319 1133 1378 rege

127 1389 320 1450 desciverant.
370 1387 419 1448 ille
451 1387 593 1449 barbaros
625 1396 655 1450 et
687 1391 779 1468 signis
799 1389 988 1461 ,militaribus
1016 1396 1046 1449 et
1074 1389 1134 1449 dis·
1148 1406 1175 1445 ιο

128 1478 249 1557 ciplina,
282 1478 372 1536 armis
405 1479 493 1537 etiam
520 1476 660 1538 Romanis
692 1478 877 1560 adsueverat3
910 1486 955 1539 set
983 1497 998 1538 a
1026 1478 1133 1538 Pisone

126 1567 287 1646 perdomiti
318 1567 349 1625 in
382 1567 445 1644 ipsa
474 1568 640 1644 captivitate
668 1565 781 1627 rabiem
809 1568 973 1628 ostendere.
1025 1569 1134 1646 quippe

129 1674 196 1716 cum
229 1662 347 1715 catenas
380 1654 529 1714 morsibus
561 1662 752 1735 temptarent,
784 1657 932 1717 feritatem
965 1673 1048 1715 suam
1076 1658 1135 1733 ipsi

127 1742 298 1823 puniebant.

198 1969 249 2021 12
274 1965 364 2020 exitus
383 1967 410 2020 Β
432 1968 442 2034 11
465 1966 665 2022 3crediderim
686 1970 891 2038 (resurrectum
908 1985 942 2023 ecc
959 1970 985 2037 e)
1003 1968 1030 2021 L
1055 1970 1059 2037 Ι
1083 1983 1136 2022 nec

127 2037 277 2092 classicum
291 2036 387 2091 audire
401 2036 559 2093 ualuerunt.
570 2037 610 2091 sic
625 2038 760 2094 amancio
775 2037 900 2109 superati
914 2041 986 2093 sunt.
996 2040 1018 2092 I
1029 2042 1033 2108 Ι
1048 2038 1134 2092 tubas

127 2111 150 2179 (s
169 2111 233 2164 add.
247 2126 282 2162 m.
296 2111 323 2177 1)
338 2107 478 2162 Btubam
494 2108 534 2178 01
551 2109 687 2164 sustinere
701 2112 740 2178 (re
755 2111 817 2165 add.
832 2128 866 2165 m.
881 2113 908 2179 1)
922 2108 1137 2178 Biltincussit

127 2183 219 2249 (prior
241 2196 254 2231 s
277 2185 395 2234 correcta
419 2196 452 2233 ex
473 2197 488 2232 r
509 2197 544 2234 m.
563 2183 590 2249 1)
608 2181 637 2234 Β
661 2183 665 2250 Ι
691 2180 851 2234 chornidius
870 2181 899 2250 (h
916 2198 1002 2250 supra
1019 2183 1134 2249 uersum)

126 2252 155 2305 Β
186 2248 333 2303 chornidius
362 2248 386 2303 0
414 2247 555 2303 Comidius
583 2250 785 2320 Momassecuc,
817 2250 957 2306 Cottidius
985 2251 1026 2319 (0.
1050 2253 1075 2306 1.
1099 2252 1134 2305 L.

132 2321 212 2376 ΠΗ
231 2323 296 2389 979)
323 2321 365 2375 cel
391 2318 558 2374 Considius?
584 2323 594 2391 11
622 2326 637 2374 5
666 2322 741 2392 apud
767 2339 850 2393 pares
880 2323 903 2378 0
928 2323 933 2393 1
962 2321 1134 2376 stoliditates

127 2394 153 2515 Se
175 2393 207 2445 in
225 2390 236 2443 i
253 2392 369 2459 mutata)
387 2391 416 2444 Β
434 2390 601 2445 stodilitatis
619 2394 651 2447 io
670 2392 836 2448 stoliditatis
854 2396 971 2450 mutauit
989 2394 1022 2447 N
1026 2394 1035 2425 ¹
1055 2392 1133 2447 stoli·

146 2461 202 2516 itas
221 2462 248 2515 L
269 2465 280 2531 11
303 2467 318 2514 6
341 2477 440 2532 gerens
464 2463 537 2532 (rens
559 2481 594 2518 m.
614 2469 631 2518 1
653 2466 685 2518 lc
706 2468 817 2534 raama)
836 2466 863 2519 Β
884 2481 983 2536 gerens
1002 2466 1030 2534 (n
1048 2481 1135 2534 supra

125 2535 240 2602 uersum)
263 2533 290 2586 L
309 2532 314 2604 Ι
335 2531 499 2587 suscitatum
521 2535 600 2587 motu
625 2534 673 2604 011
696 2542 711 2589 7
735 2535 874 2590 fundebat
897 2536 987 2606 0118
1011 2553 1061 2590 om.
1084 2534 1132 2606 01

125 2606 307 2677 habendum
324 2624 357 2690 (Η
375 2624 521 2691 expectata)
535 2624 563 2677 B
576 2625 615 2693 l9
634 2623 755 2678 Thraces
774 2642 824 2680 om.
840 2625 880 2695 01
897 2642 960 2678 cum
973 2630 1036 2679 acte
1050 2625 1135 2677 antea

126 2696 190 2750 add.
206 2695 337 2748 Halmius
354 2694 450 2746 autem
468 2695 531 2749 odd.
546 2695 568 2747 1
581 2695 610 2748 et
627 2702 691 2750 usntc
707 2697 769 2749 tum
784 2697 902 2751 Iulmius
917 2699 921 2764 1
938 2708 1133 2749 nurnnssnsn

126 2763 250 2822 odunxr
267 2779 311 2818 run
328 2778 470 2819 memus·
490 2766 958 2836 nnscmsssso1mn·‚·NAnee
975 2766 1026 2819 hos
1036 2788 1053 2813 τ
1064 2767 1134 2818 stra

126 2854 193 2907 gum
208 2834 330 2889 maxime
344 2835 463 2904 populus
478 2835 635 2890 desciuerat
648 2835 697 2891 ille
710 2839 737 2892 L
753 2841 758 2907 Ι
774 2838 840 2892 tunc
853 2839 949 2892 tamen
961 2835 1135 2891 romaetalca

125 2924 155 2962 re
196 2908 261 2961 ante
281 2905 336 2960 sibi
354 2922 371 2959 a
389 2907 512 2960 romanis
531 2907 692 2963 disciscunt.
705 2925 773 2962 nam
786 2908 810 2963 is
825 2909 960 2963 barbaros
973 2911 995 2962 Ι
1006 2910 1011 2976 Ι
1025 2906 1134 2961 rheme-

125 2982 157 3033 ta
169 2994 200 3032 ce
219 2979 246 3032 Β
266 2977 439 3031 romaetalca
457 2980 544 3046 11110
563 2978 704 3032 Barbarus
726 2979 765 3044 01
782 2981 811 3033 et
828 2978 979 3049 disciplina
998 2981 1027 3032 et
1045 2977 1133 3049 signis

125 3048 296 3103 militaribus
315 3049 337 3101 1
355 3051 364 3116 11
387 3054 419 3101 11
443 3048 527 3102 armis
551 3048 638 3103 etiam
659 3049 783 3104 romanis
803 3068 853 3106 om.
874 3052 915 3121 11
936 3051 1064 3104 assuerat
1080 3050 1107 3102 L
1129 3049 1131 3119 Ι

126 3121 176 3175 sed
192 3121 237 3175 01
246 3123 255 3187 1
270 3124 302 3172 12
322 3113 509 3173 ostendebant
522 3122 562 3190 ΙΙΙ
577 3125 610 3173 13
623 3137 690 3174 nam
704 3122 818 3175 catenas
833 3122 935 3191 quibus
949 3120 1042 3191 legati
1053 3122 1135 3174 erant

125 3190 264 3245 morsibus
282 3189 448 3244 uellicantes
466 3193 488 3244 Ι
506 3198 509 3250 Ι
532 3191 670 3245 morsibus
690 3194 780 3261 (prior
798 3210 811 3246 s
829 3210 916 3263 supra
933 3210 1038 3249 ossum
1056 3209 1089 3246 m.
1106 3194 1134 3260 1)

126 3263 160 3316 N
177 3265 181 3332 Ι
201 3261 270 3331 ipsis
289 3262 316 3315 L
333 3264 342 3330 Ι
361 3266 395 3314 14
412 3262 569 3330 puniebant
587 3265 733 3332 (podmor
750 3282 770 3317 n
787 3281 873 3335 supra
889 3265 1005 3334 ceramo)
1023 3265 1052 3318 Β
