2436 3826
434 125 634 177 PRAEFATIO
653 126 824 177 EDITORIS
1045 124 1136 178 XXIX

123 314 210 355 orum
232 293 331 371 gentis
354 293 529 352 recordatus
552 291 731 369 Hieronymi
759 293 915 371 chronica,
954 293 1136 370 quibuscum

123 383 254 460 primum
283 382 475 441 enuntiatum
502 385 623 458 praeter
650 384 826 459 corruptum
854 383 924 440 anni
945 383 1028 441 IIII
1048 385 1137 458 olym-

11 543 13 547 ,
118 473 222 547 piaclis
251 470 356 530 OOXI
383 489 543 529 numerum
571 489 736 546 congruere
767 471 828 530 iam
857 471 1022 530 Salmasius
1049 472 1136 549 vidit,

74 551 77 555 ’
124 562 174 622 vel
206 579 310 619 eorum
342 560 474 618 auctoris
509 559 646 619 Suetonii
681 559 820 618 libellum
857 561 893 619 de
930 561 983 620 vir.
1017 561 1136 620 inlustr.

126 641 169 731 (p.
190 653 229 710 97
256 649 300 708 ed.
320 640 547 728 Reifferscheid)
571 649 741 726 evolvisset,
765 649 840 708 duos
862 649 972 708 Lucios
996 651 1137 709 Annaeus

125 739 255 815 invenit,
286 756 416 815 quorum
443 737 569 796 alterius
592 737 692 796 utrius
715 738 827 797 librum
851 756 915 796 esse
937 757 1140 816 praepropere

127 827 302 888 coniciebat.
337 845 451 884 memor
473 830 575 886 tamen
598 826 644 885 his
668 827 751 886 Flori
774 845 938 904 cognomen
961 848 1020 886 non
1043 828 1139 886 fuisse

126 912 200 993 ipse'
219 915 319 974 minus
347 919 460 974 certam
488 915 691 974 coniecturam
719 935 805 974 suam
833 934 897 975 esse
920 916 1071 976 intellexit
1094 948 1139 957 -

127 1007 172 1064 ita
199 1005 279 1063 enim
306 1004 398 1064 verba
426 1004 490 1063 eius
518 1003 660 1064 videntur
687 1005 913 1081 interpretanda
939 1038 977 1046 -
1003 1009 1033 1064 et
1063 1005 1139 1064 satis

128 1094 236 1153 habuit
258 1093 434 1170 scriptorem
458 1093 583 1152 summis
605 1093 747 1152 laudibus
771 1094 884 1152 efferre.
930 1113 1006 1170 quae
1031 1094 1138 1153 laudes

128 1183 346 1243 tumidissimae
369 1182 498 1242 rhetoris
521 1184 570 1242 vel
593 1183 784 1259 grammatici
802 1183 931 1242 alicuius
949 1183 1140 1242 hauddubie

129 1275 209 1348 sunt,
235 1290 296 1331 non
319 1271 447 1330 hominis
471 1271 642 1331 Christiani.
688 1290 759 1329 nam
783 1273 924 1330 ecclesiae
947 1278 1049 1347 patres
1073 1290 1140 1330 eam

15 1401 16 1405 =
129 1362 277 1420 rationem
300 1378 360 1437 qua
376 1360 485 1419 Florus
508 1360 665 1420 historiam
688 1361 823 1420 narravit
845 1362 933 1421 valde
955 1360 1140 1437 improbasse

129 1453 235 1509 notum
254 1442 340 1525 ascl).
376 1452 534 1523 praeterea
553 1449 650 1509 editor
668 1448 857 1509 Christianus
875 1451 926 1509 vix
944 1449 1142 1509 abstinuisset
1178 1517 1180 1519 ¹

132 1539 169 1597 ab
188 1537 383 1596 Annaeorum
400 1537 540 1596 laudibus
560 1541 591 1596 et
609 1539 891 1598 commemoratione
910 1538 1061 1597 amicitiae
1080 1556 1142 1615 qua

130 1628 246 1687 Paulus
274 1626 430 1703 apostolus
458 1630 489 1685 et
515 1625 657 1686 Annaeus
681 1627 794 1686 Seneca
823 1627 975 1686 coniuncti
1003 1627 1142 1704 fuissent,

131 1717 212 1776 sicut
238 1717 264 1774 is
292 1716 365 1774 fecit
393 1714 445 1791 qui
469 1714 599 1773 Senecae
627 1716 798 1792 philosophi
822 1716 1022 1792 epistularum
1043 1734 1142 1774 mora·

116 1800 207 1864 ¹lium
230 1808 261 1863 et
283 1805 473 1882 dialogorum
496 1804 666 1880 archetypis
684 1804 774 1863 Pauli
796 1807 827 1863 et
846 1803 975 1863 Senecae
995 1804 1142 1880 epistulas

131 1894 255 1953 ficticias
288 1896 319 1952 et
350 1893 440 1952 huius
470 1894 566 1954 vitam
594 1912 630 1951 ex
657 1893 834 1969 Hieronymi
861 1893 933 1953 viris
961 1893 1142 1952 inlustribus

56 2010 58 2015 ·
131 1983 260 2060 petitam
282 1981 446 2059 praemisit.
716 2041 717 2045 ,

198 2072 263 2130 Iam
290 2090 361 2132 vero
392 2071 549 2129 redeamus
573 2071 611 2130 ad
635 2071 768 2147 capitum
790 2072 1009 2148 inscriptiones,
1055 2072 1143 2130 facile

124 2161 212 2219 'enim
235 2179 271 2219 ex
293 2160 330 2218 iis
354 2160 550 2237 intellegitur,
575 2180 635 2237 qua
653 2162 689 2220 de
708 2180 740 2220 re
759 2161 857 2220 adhuc
875 2161 913 2220 lis
933 2164 987 2239 est,
1010 2161 1143 2220 codicem

133 2251 158 2307 B
187 2250 314 2308 alterius
342 2249 523 2308 recensionis
550 2249 635 2308 libris
664 2253 695 2308 et
716 2252 870 2325 praestare
894 2253 925 2309 et
947 2250 1144 2328 integriorem

133 2357 211 2416 esse,
240 2358 308 2397 cum
336 2338 433 2397 multo
461 2338 610 2414 pleniores
635 2342 665 2397 et
689 2339 905 2398 emendatiores
928 2339 1057 2398 traditae
1081 2340 1145 2398 sint

134 2447 225 2505 quam
247 2427 279 2485 in
302 2427 371 2484 illis.
410 2427 511 2486 omisit
534 2431 636 2486 autem
660 2426 681 2485 O
705 2446 764 2486 non
788 2429 886 2486 solum
909 2429 1054 2504 plurimas
1078 2419 1143 2508 (11

133 2535 153 2575 o
175 2516 299 2574 Romulo
327 2519 456 2588 temporo
482 2533 583 2588 reposci
605 2520 725 2589 septem,
748 2516 778 2574 Il
803 2519 934 2576 22-34
958 2519 1063 2575 bellum
1084 2517 1146 2575 No-

132 2606 238 2672 ricum,
272 2606 296 2663 b.
319 2604 487 2678 illyricam,
521 2606 546 2662 b.
569 2605 784 2672 Pannonicum,
824 2607 848 2663 b.
872 2605 1085 2676 Dohuuticwm,
1119 2607 1145 2664 b.

132 2694 303 2760 Moesiorum,
336 2694 361 2751 b.
387 2693 569 2761 Thracicum,
602 2695 627 2751 b.
650 2694 802 2761 Dacicum,
836 2696 861 2752 b.
884 2694 1087 2762 Sarmaticum,
1103 2696 1145 2754 sb.

208 2934 233 3001 1)
252 2933 289 2985 ad
307 2931 383 2986 Flori
402 2933 489 2986 verba
508 2933 543 2986 de
562 2931 636 2986 bello
655 2931 760 2987 Punico
780 2933 902 2987 secundo
921 2933 1024 3002 Iaa,1
1049 2934 1146 3002 Augu-

134 3002 226 3056 stinus
250 3004 285 3056 de
310 3003 361 3058 civ.
382 3003 429 3057 dei
446 3004 486 3057 ΠΙ
505 3009 538 3057 19
562 3006 658 3072 aperte
682 3003 811 3057 alludens
835 3003 924 3059 dixit:
956 3037 989 3044 —
1008 3036 1043 3044 -
1063 3036 1095 3043 —
1113 3011 1148 3058 at

133 3076 177 3129 liis
197 3091 300 3144 quoque
322 3076 472 3142 fatentibus
490 3078 538 3144 qui
556 3093 612 3130 oca
632 3083 688 3130 tone
705 3093 821 3130 acriore
840 3078 910 3130 bella
923 3076 1052 3130 Romana
1065 3093 1148 3144 quom

134 3145 293 3200 Romam
318 3148 464 3215 imperium
492 3148 606 3201 laudare
628 3149 807 3201 instituerunt
829 3148 945 3201 similior
969 3149 1038 3201 uicto
1061 3148 1148 3214 fuerit

134 3217 181 3270 illc
201 3219 249 3340 opi
266 3219 338 3271 vicit.
370 3216 499 3271 Orosium
514 3218 550 3271 ad
564 3217 640 3286 ipsos
654 3220 844 3272 historicorum
856 3220 1000 3288 gentilium
1013 3217 1147 3271 maxime-

135 3304 191 3356 que
232 3287 286 3342 lori
304 3287 419 3356 eiusque
444 3291 589 3343 auctorum
612 3305 717 3343 errores
742 3288 910 3343 refellendos
929 3289 1062 3343 historias
1081 3306 1146 3343 suas

136 3358 326 3428 composuisse
349 3358 494 3428 inscriptio
519 3376 615 3413 earum
643 3363 673 3414 et
695 3359 811 3428 quaevis
835 3359 941 3429 pagina
964 3361 1160 3414 demonstnah.

135 3423 337 3500 Hieronymum
357 3430 477 3499 denique
496 3430 622 3502 epitoma
639 3449 726 3487 usum
744 3449 808 3488 esse
820 3431 1019 3487 Wochhiinus
1032 3424 1186 3494 urucam&

136 3501 299 3571 (Archias.
319 3501 481 3596 Lexilrogrf
502 3504 544 3563 VI
562 3506 666 3584 [icas]
682 3527 713 3582 p.
727 3509 769 3581 bb.
