2436 3826
390 151 591 203 PRAEFATIO
610 151 779 205 EDITORIS
1049 148 1089 204 IX

78 319 207 396 aliisque
235 317 369 377 eiusdem
396 317 500 377 classis
527 318 613 378 libris
640 321 672 377 et
698 318 836 396 egregias
864 318 946 378 haud
975 337 1087 394 paucas

77 407 215 468 Iordanis
238 408 270 466 et
287 405 517 484 Bambergensis
540 407 684 466 lectiones
701 410 849 485 tanquam
870 407 975 468 foedas
996 406 1089 468 inter·

56 497 248 574 polationes
279 496 434 571 spernunt.
479 495 552 572 quin
586 494 679 555 etiam
710 495 840 558 Baebius
871 489 1088 578 (commentat.

79 579 256 645 Woelfflin?
277 604 308 661 p.
329 575 407 665 166)
426 585 547 644 saeculo
566 584 673 661 quinto
691 587 740 646 vel
759 589 843 646 sexto
861 587 970 645 horum
987 585 1088 645 arche·

78 678 188 752 typum
218 673 444 750 interpolatoris
477 667 549 733 ‘non
579 668 693 734 insciti’
723 693 847 734 manum
874 691 998 750 passum
1025 691 1089 734 esse

78 762 259 840 suspicatur.
303 763 430 822 eandem
452 762 549 840 igitur
570 762 601 821 in
623 763 714 824 Floro
735 763 916 823 recensendo
939 763 1089 840 quaestio·

78 871 148 912 nem
174 853 274 911 ortam
301 868 366 910 esse
391 850 530 911 videmus
556 851 732 912 intricatam
759 852 845 911 illam
872 854 903 912 et
929 851 1005 912 satis
1032 851 1090 911 dif-

78 941 187 1002 ficilem
216 958 294 1018 quae
321 942 369 999 tot
397 939 527 999 aliorum
554 940 736 1017 scriptorum
758 941 849 1001 crisin
871 943 926 1001 aut
950 941 1091 1001 obscurat
1189 1010 1191 1015 .

74 1033 135 1090 ‘aut
157 1027 340 1090 obscuravit.
384 1047 455 1087 nam
476 1031 514 1088 ut
531 1031 650 1089 taceam
668 1029 704 1088 de
722 1030 846 1090 famosis
864 1029 926 1089 illis
943 1029 1090 1090 Nibeluu·

79 1118 177 1198 giadis
205 1117 371 1194 codicibus,
398 1117 554 1177 simillima
580 1119 627 1178 est
653 1119 787 1178 condicio
809 1118 953 1197 Aeschyli
982 1121 1014 1179 et
1037 1119 1091 1180 So·

78 1207 195 1285 phoclis
218 1206 403 1284 Thucydidis
426 1207 564 1268 Platonis
585 1207 713 1267 Luciani
733 1207 883 1268 Ciceronis
902 1207 1092 1286 quorundam

79 1297 225 1357 librorum
261 1294 397 1356 Caesaris
434 1295 565 1356 Senecae
602 1298 634 1356 et
669 1297 896 1375 tragoediarum
931 1301 963 1357 et
993 1297 1092 1375 philo·

80 1384 204 1462 sophiae
222 1383 369 1445 librorum
385 1384 502 1445 Lucani
520 1385 649 1462 denique
669 1386 866 1463 aliorumque.
901 1404 971 1446 cunr
989 1388 1093 1446 autem

80 1475 155 1535 satis
185 1472 239 1533 diu
266 1473 364 1532 critici
391 1473 445 1551 qui
471 1473 518 1532 his
546 1473 743 1551 scriptoribus
770 1493 894 1552 operam
924 1475 1039 1534 dabant
1061 1475 1093 1533 in

80 1563 155 1623 duas
182 1565 285 1640 partes
312 1562 492 1622 acerrimum
519 1563 599 1622 inter
625 1581 657 1622 se
684 1563 800 1622 bellum
831 1567 970 1641 gerentes
997 1581 1092 1623 soces-

80 1653 198 1727 sissent,
221 1669 350 1728 quorum
370 1650 403 1708 hi
421 1669 457 1711 ex
474 1651 680 1711 vetustissimo
699 1669 820 1728 quoque
838 1651 939 1712 codice
957 1652 1091 1729 reliquos

81 1741 119 1800 ad
147 1760 244 1800 unum
271 1758 374 1801 omnes
401 1739 552 1800 derivatos
584 1757 649 1800 esse
682 1739 897 1800 contenderent
927 1759 1093 1818 eorumque

80 1829 244 1906 scripturas
279 1828 449 1906 peculiares
484 1831 521 1888 ut
551 1847 649 1889 meras
681 1827 874 1888 librariorum
905 1830 1094 1889 coniecturas

80 1918 265 1994 afficiendos,
295 1917 343 1976 illi
376 1917 485 1977 horum
511 1936 632 1995 quoque
661 1917 810 1978 rationem
835 1918 941 1978 haberi
970 1919 1093 1997 vellent,

80 2026 161 2067 nuno
191 2026 225 2068 eo
256 2007 320 2066 fere
342 2024 390 2066 res
414 2006 535 2068 devenit
555 2008 593 2066 nt
615 2010 706 2068 aucto
729 2007 823 2067 etiam
844 2007 1095 2068 bibliothecarum

81 2096 197 2157 codices
220 2095 277 2156 sibi
299 2095 574 2156 transmittentium
596 2096 773 2156 commercio
801 2098 833 2156 et
854 2096 999 2155 itinerum
1020 2097 1094 2155 faci·

81 2185 168 2245 litate
192 2184 368 2262 diligentius
390 2185 422 2244 in
444 2184 538 2245 libros
555 2184 736 2245 recentiores
754 2184 927 2263 inquiratur
944 2187 995 2247 vel
1012 2187 1094 2245 certe

80 2274 232 2352 inquirere
260 2273 352 2333 liceat
379 2292 471 2351 quam
497 2272 628 2333 Bekkeri
656 2273 842 2333 Lachmanni
865 2271 972 2334 Orellii
994 2277 1095 2334 aetate

81 2361 174 2422 fiebat
204 2364 260 2422 aut
289 2361 356 2422 fieri
387 2364 517 2439 poterat.
564 2381 748 2440 quamquam
779 2362 860 2422 enim
892 2382 959 2423 eam
987 2364 1095 2441 legem,

81 2469 174 2529 quam
204 2451 251 2510 illi
283 2453 472 2530 statuerunt,
504 2451 654 2511 mordicus
686 2453 790 2511 tenere
821 2450 964 2512 debemus
991 2455 1028 2513 ut
1060 2471 1097 2511 ex

80 2539 228 2601 librorum
254 2539 529 2617 manuscriptorum
557 2540 710 2618 farragine
734 2558 814 2599 unus
843 2543 897 2599 aut
923 2540 1015 2617 pauci
1042 2541 1095 2600 eli·

84 2631 197 2706 gantur
215 2628 268 2706 qui
285 2629 423 2689 bonitate
442 2632 474 2689 et
490 2631 645 2689 vetustate
664 2628 772 2688 ceteris
789 2631 946 2704 praestent
963 2630 994 2688 et
1019 2647 1095 2707 quos

81 2720 228 2794 tanquam
249 2717 399 2794 principes
423 2721 455 2778 et
477 2717 691 2795 antesignanos
709 2718 741 2776 in
759 2718 941 2796 scriptorum
958 2719 1096 2780 oratione

83 2806 293 2866 constituenda
320 2806 407 2884 sequi
429 2824 550 2866 necesse
573 2806 623 2884 sit,
652 2808 755 2866 tamen
778 2826 882 2867 eorum
906 2808 1043 2868 socordia
1065 2811 1097 2867 et

81 2894 192 2954 inertia
223 2894 348 2956 vitanda
376 2897 423 2955 est
451 2895 504 2972 qui
530 2895 664 2972 reliquos
692 2915 796 2956 omnes
823 2895 942 2957 codices
970 2916 1006 2957 ex
1033 2895 1096 2955 illis

82 2983 205 3043 fluxisse
240 2985 295 3043 aut
331 2977 534 3060 ‘impudenter
568 2979 779 3061 interpolatos'
817 3003 882 3045 esse
914 3004 949 3045 eo
982 2984 1096 3043 maiore

83 3072 196 3135 fiducia
218 3073 352 3132 clamant
375 3092 435 3151 quo
457 3072 615 3148 pauciores
639 3092 675 3132 ex
697 3073 735 3132 iis
753 3075 968 3151 cognoverunt.
998 3091 1096 3150 neque

83 3180 155 3223 vero
179 3179 229 3221 eos
252 3161 345 3221 libros
368 3161 435 3220 dico
459 3162 512 3238 qui
530 3162 658 3221 saeculis
678 3161 793 3221 decimo
812 3164 921 3238 quarto
940 3164 972 3221 et
990 3162 1096 3240 quinto

82 3243 254 3310 ‘Italorum'
282 3268 389 3310 manus
418 3251 633 3311 emendatrices
662 3253 693 3309 et
715 3250 956 3327 interpolatrices
980 3250 1097 3328 experti

82 3342 164 3418 sunt,
192 3338 245 3399 sed
273 3341 378 3400 extant
400 3339 483 3398 haud
504 3358 573 3399 raro
596 3341 778 3417 scriptorum
800 3338 900 3399 medio
922 3358 1003 3399 aeno
1022 3340 1110 3394 muh-

83 3430 151 3488 tum
177 3428 326 3489 lectorum
355 3430 480 3507 praeter
511 3426 609 3494 libros
638 3428 812 3512 primmios
843 3426 989 3490 sasemis
1020 3423 1142 3511 octaua

82 3534 175 3592 usque
196 3517 238 3577 ad
258 3517 410 3582 decimum
434 3523 579 3604 primum
610 3528 765 3590 exaratos
786 3519 854 3584 alii
872 3509 1021 3580 secundi
1040 3499 1175 3561 mm*
