2436 3826
108 196 152 262 64
471 201 582 252 FLORI
599 200 760 252 EPITOMA

107 373 201 425 terem
235 372 342 426 statum
376 365 518 445 reddidit,
551 370 584 424 ut
611 363 726 442 legibus
754 366 867 424 viveret
895 365 957 424 suis
986 370 1016 423 et
1045 365 1122 424 avita

56 466 89 512 14
108 453 244 514 libertate
272 454 430 514 frueretur.
477 470 552 531 quae
580 452 699 532 gaudia,
727 471 802 530 quae
825 452 1053 512 vociferationes
1076 453 1122 512 fu·

109 550 209 623 erunt,
236 561 303 602 cum
326 542 382 602 hoc
406 542 481 601 forte
505 541 632 600 Nemeae
656 543 687 600 in
710 541 825 600 theatro
850 539 1122 620 quinquennalibus

108 630 186 690 ludis
210 649 226 690 a
249 648 395 710 praecone
419 629 588 689 caneretur!
632 647 690 707 quo
717 635 868 690 certavere
891 627 1011 708 plausui
1050 630 1123 709 quid

57 731 89 779 15
109 720 216 779 florum
249 722 280 778 in
314 718 465 779 consulem
498 716 708 796 profuderunt!
754 724 784 778 et
815 719 924 778 iterum
952 720 1123 797 iterumque
1149 730 1160 770 ⁵

109 825 287 886 praeconem
319 814 456 886 repetere
488 824 591 866 rocem
624 805 704 866 illam
736 805 877 866 iubebant
909 825 966 886 qua
998 804 1123 867 libertas

109 895 235 955 Achaiae
258 894 518 975 pronuntiabatur,
541 913 597 955 nec
620 894 705 954 aliter
728 892 778 955 illa
802 893 951 955 consulari
974 897 1123 955 sententia

111 1001 198 1061 quam
234 983 469 1044 modulatissimo
507 983 605 1061 aliquo
642 982 783 1042 tibiarum
815 991 866 1043 aut
897 983 1001 1043 fidium
1033 991 1122 1044 cantu

110 1070 292 1131 fruebantur.

194 1300 308 1360 XXIIII.
341 1300 490 1360 BELLVM
513 1301 698 1360 SYRIACVM
721 1299 831 1360 REGIS
853 1283 1041 1361 ANTIOCHI.
1138 1314 1161 1352 ιο

26 1438 95 1519 11,8
177 1441 378 1502 Macedoniam
398 1443 498 1502 statim
517 1441 585 1501 Asia
604 1450 634 1502 et
652 1461 753 1520 regem
772 1442 942 1522 Philippum
960 1443 1124 1503 Antiochus

111 1533 228 1608 excepit
251 1531 378 1609 quodam
402 1549 481 1610 casu,
505 1532 590 1608 quasi
613 1530 649 1590 de
673 1531 820 1591 industria
840 1533 883 1591 sic
902 1529 1123 1609 adgubernante

111 1618 228 1679 fortuna
256 1627 289 1679 nt
318 1637 406 1698 quem
435 1619 470 1679 ad
498 1619 619 1678 modum
647 1618 682 1678 ab
708 1618 807 1679 Africa
834 1621 865 1679 in
888 1618 1051 1699 Europam,
1080 1621 1124 1680 sic

112 1706 147 1766 ab
170 1706 288 1786 Europa
316 1710 347 1767 in
370 1709 468 1768 Asiam
497 1707 575 1768 ultro
600 1726 631 1768 se
657 1707 884 1786 suggerentibus
907 1709 1005 1768 causis
1028 1710 1123 1786 impe-

111 1797 189 1855 rium
216 1797 405 1876 procederet,
435 1804 464 1856 et
492 1815 560 1856 cum
588 1805 735 1856 terrarum
763 1794 844 1855 orbis
873 1798 933 1856 situ
960 1798 1024 1874 ipse
1049 1797 1123 1856 ordo
1139 1810 1162 1850 15

77 1885 302 1944 nvictoriarum
326 1887 485 1962 navigaret.
532 1902 591 1943 non
615 1884 693 1945 aliud
717 1884 938 1944 formidolosius
961 1885 1038 1944 fama
1060 1883 1124 1945 hel-

58 1981 61 1986 ·
112 1970 174 2031 lum
197 1972 264 2051 fuit3
294 1975 402 2050 quippe
427 1990 494 2032 cum
517 1972 623 2032 Persas
647 1981 677 2033 et
700 1975 858 2053 orientem,
888 1971 1008 2033 Xerxen
1034 1979 1123 2051 atque

112 2058 231 2118 Darium
256 2062 432 2139 cogitarent,
460 2060 577 2137 quando
600 2062 729 2139 perfossi
751 2063 824 2121 invii
846 2067 976 2141 montes,
1005 2061 1123 2140 quandq

77 2160 92 2206 3
112 2147 185 2206 velis
214 2154 350 2224 opertum
373 2165 454 2207 mare
478 2150 673 2209 nuntiaretur.
719 2149 755 2208 ad
778 2149 834 2209 hoc
857 2148 1000 2210 caelestes
1024 2152 1122 2210 minae

111 2234 295 2315 territabant,
318 2254 387 2296 cum
408 2254 512 2296 umore
536 2240 676 2298 continuo
699 2238 848 2298 Cumanus
866 2236 969 2316 Apollo
993 2237 1122 2298 sudaret.
1139 2253 1165 2292 ao

184 2426 198 2473 1
223 2420 323 2476 habIta
342 2423 368 2476 L
391 2426 400 2492 ΙΙ
424 2430 438 2476 2
461 2425 568 2493 gaudia
591 2427 616 2493 (e
637 2432 699 2494 post
713 2427 890 2495 posteriorem
909 2441 927 2478 a
945 2424 1050 2494 deleta)
1069 2427 1097 2479 Β
1115 2425 1125 2498 ΙΙ

113 2497 128 2544 3
147 2507 251 2545 nemeae
270 2496 399 2561 (secunda
418 2511 432 2548 e
451 2513 536 2565 supra
554 2512 660 2552 uersum
678 2514 713 2550 ru.
732 2500 758 2566 1)
777 2496 812 2550 Ν
832 2499 836 2566 Ι
862 2495 985 2565 quinque
1010 2495 1124 2551 malibus

112 2563 141 2616 Β
153 2564 193 2631 ΙΙ4
211 2567 360 2618 caneretur
377 2566 405 2619 Β
421 2567 425 2638 Ι
441 2566 558 2635 plaussu
576 2567 610 2620 N
625 2568 634 2634 Ι
652 2570 668 2618 d
687 2566 830 2620 consulem
848 2569 946 2635 (consu
964 2568 996 2621 iu
1013 2570 1124 2636 rasura)

112 2635 139 2687 Β
156 2640 160 2706 Ι
176 2635 341 2703 profuerunt
359 2639 387 2690 Β
404 2639 413 2706 ΙΙ
433 2645 448 2691 6
467 2636 548 2690 illam
565 2653 664 2690 uocem
684 2637 723 2709 Ol
740 2636 857 2691 iubebat
877 2637 900 2692 0
910 2638 919 2706 ΙΙ
935 2644 949 2692 i
968 2637 1124 2692 consularis

112 2706 138 2758 L
152 2710 191 2774 Ι8
210 2706 308 2760 fidium
327 2707 501 2777 (posteriori
519 2725 605 2776 supra
622 2725 729 2764 uersum
746 2726 780 2763 m.
800 2711 830 2777 2)
849 2708 899 2776 ΝΙ
915 2710 1000 2762 centu
1019 2711 1048 2777 (ιι
1066 2725 1125 2765 cor·

111 2783 185 2831 reete
208 2794 241 2831 eu
264 2781 290 2846 ο)
310 2780 337 2832 Β
361 2780 473 2833 cantum
498 2779 536 2846 (m
553 2781 688 2848 erepuerit
706 2797 740 2834 m.
759 2783 790 2845 1,
813 2780 910 2833 deinde
928 2795 962 2833 m.
980 2783 1000 2834 2
1019 2780 1126 2835 litterae

112 2850 432 2988 ttitttlhtttct
449 2850 1124 2988 teithittftdltnttttttttittf

27 3025 31 3033 ·
112 2989 244 3044 Halmius
264 2989 361 3043 statim
380 2991 462 3058 Syria
481 2991 686 3045 Freinshemius
701 2991 706 3062 Ι
723 2990 870 3045 anthiocus
884 2991 912 3044 Β
932 2988 1060 3044 antiocus
1076 2991 1102 3044 L
1116 2992 1125 3060 ΙΙ

114 3064 146 3112 12
167 3060 290 3128 quadam
308 3061 390 3129 quasi
408 3060 549 3115 industria
564 3061 771 3117 Freinshemius
789 3061 913 3130 quadam
932 3077 1028 3115 casum
1043 3061 1125 3129 quasi

112 3129 253 3183 industria
267 3132 291 3185 I.
305 3131 342 3185 F.
353 3133 508 3187 Gronovius
522 3131 670 3200 quasidem
684 3131 792 3185 dustria
806 3135 838 3186 in
852 3131 970 3200 quaside
984 3131 1125 3186 industria

111 3204 229 3256 mutauit
245 3202 285 3255 B¹
302 3205 306 3269 Ι
323 3202 357 3255 de
377 3219 426 3257 om
444 3203 467 3257 Ο
477 3205 486 3272 ΙΙ
501 3207 534 3256 13
554 3205 604 3256 aut
618 3203 652 3256 N
664 3208 667 3271 Ι
684 3203 721 3256 ad
735 3220 785 3256 om.
801 3203 828 3255 L
843 3206 848 3272 Ι
865 3203 901 3256 ab
920 3220 1006 3272 supra
1018 3220 1126 3259 uersum

112 3272 140 3324 Β
156 3273 160 3339 Ι
176 3271 206 3328 in
225 3271 355 3326 achaiam
374 3275 401 3326 Β
420 3273 584 3343 ineuropam
602 3275 629 3327 L
647 3292 670 3328 u.
693 3275 806 3328 Orosius
824 3274 874 3327 IV
887 3277 934 3341 20,
949 3278 987 3329 12
1004 3274 1013 3342 ΙΙ
1035 3280 1069 3327 14
1088 3275 1125 3328 ab

112 3340 214 3395 achaia
232 3343 260 3396 Β
279 3345 288 3412 ΙΙ
309 3347 342 3395 15
362 3343 432 3396 situs
452 3345 479 3397 Β
492 3345 501 3412 ΙΙ
517 3351 549 3398 16
569 3343 641 3398 aliut
660 3345 694 3397 N
703 3348 712 3415 ΙΙ
727 3349 760 3397 17
779 3360 878 3398 xersen
896 3345 923 3397 Β
942 3360 1058 3398 exersen
1077 3346 1104 3399 L
1120 3346 1123 3415 Ι

113 3411 205 3480 adque
224 3415 252 3466 Β
271 3415 363 3482 adque
382 3415 412 3482 (d
431 3417 460 3468 in
480 3420 494 3468 t
511 3417 628 3471 mutauit
645 3433 679 3470 m.
696 3418 725 3483 2)
742 3416 776 3468 Ν
785 3417 794 3484 ΙΙ
810 3421 843 3469 18
861 3413 939 3468 niuei
957 3416 984 3469 L
1000 3419 1004 3482 Ι
1020 3416 1125 3470 montis

112 3483 140 3535 Β
153 3485 163 3552 ΙΙ
178 3488 211 3536 19
230 3486 262 3538 ut
280 3484 333 3538 hoe
349 3486 383 3539 N
393 3487 402 3554 ΙΙ
416 3490 450 3538 20
468 3484 608 3539 terribant
621 3486 649 3539 Β
665 3489 669 3556 Ι
685 3486 801 3539 humore
820 3485 849 3554 (h
867 3503 901 3540 m.
916 3488 946 3554 2)
961 3486 996 3540 N
1010 3485 1125 3541 humore

100 3552 156 3621 bs
167 3569 305 3621 cymenus
322 3557 352 3610 L
365 3555 374 3629 Ι
388 3555 523 3612 suaderet
541 3557 574 3612 N
