<?xml version="1.0" encoding="UTF-8"?>
<!DOCTYPE html PUBLIC "-//W3C//DTD XHTML 1.0 Transitional//EN"
    "http://www.w3.org/TR/xhtml1/DTD/xhtml1-transitional.dtd">
<html xmlns="http://www.w3.org/1999/xhtml" xml:lang="en" lang="en">
 <head>
  <title>
</title>
<meta http-equiv="Content-Type" content="text/html;charset=utf-8" />
  <meta name='ocr-system' content='tesseract 3.04.00' />
  <meta name='ocr-capabilities' content='ocr_page ocr_carea ocr_par ocr_line ocrx_word'/>
</head>
<body>
  <div class='ocr_page' id='page_1' title='image "./lannaeifloriepi00florgoog_0122.png"; bbox 0 0 2436 3826; ppageno 0'>
   <div class='ocr_carea' id='block_1_1' title="bbox 380 171 1181 242">
    <p class='ocr_par' dir='ltr' id='par_1_1' title="bbox 380 171 1181 242">
     <span class='ocr_line' id='line_1_1' title="bbox 380 171 1181 242; baseline 0.02 -18"><span class='ocrx_word' id='word_1_1' title='bbox 380 171 407 239; x_wconf 86' lang='lat'>1,</span> <span class='ocrx_word' id='word_1_2' title='bbox 426 176 467 226; x_wconf 82' lang='lat' dir='ltr'>ao.</span> <span class='ocrx_word' id='word_1_3' title='bbox 488 175 529 225; x_wconf 84' lang='lat'>21.</span> <span class='ocrx_word' id='word_1_4' title='bbox 550 177 589 225; x_wconf 79' lang='lat' dir='ltr'>aa</span> <span class='ocrx_word' id='word_1_5' title='bbox 602 172 758 242; x_wconf 80' lang='lat' dir='ltr'>&lt;11,.4-e).</span> <span class='ocrx_word' id='word_1_6' title='bbox 1033 176 1076 240; x_wconf 82' lang='lat'>51</span> <span class='ocrx_word' id='word_1_7' title='bbox 1176 179 1181 190; x_wconf 92' lang='grc'><em>“</em></span> 
     </span>
    </p>
   </div>
   <div class='ocr_carea' id='block_1_2' title="bbox 36 335 1115 1038">
    <p class='ocr_par' dir='ltr' id='par_1_2' title="bbox 36 335 1115 1038">
     <span class='ocr_line' id='line_1_2' title="bbox 63 335 1114 417; baseline 0.005 -20"><span class='ocrx_word' id='word_1_8' title='bbox 63 343 161 397; x_wconf 94' lang='lat' dir='ltr'>totum</span> <span class='ocrx_word' id='word_1_9' title='bbox 188 335 331 397; x_wconf 91' lang='lat' dir='ltr'>Hadriani</span> <span class='ocrx_word' id='word_1_10' title='bbox 357 339 450 397; x_wconf 90' lang='lat' dir='ltr'>maris</span> <span class='ocrx_word' id='word_1_11' title='bbox 478 337 549 398; x_wconf 89' lang='lat' dir='ltr'>litus</span> <span class='ocrx_word' id='word_1_12' title='bbox 577 338 671 398; x_wconf 81' lang='lat' dir='ltr'>effusi</span> <span class='ocrx_word' id='word_1_13' title='bbox 717 339 749 398; x_wconf 93' lang='lat' dir='ltr'>hi</span> <span class='ocrx_word' id='word_1_14' title='bbox 776 347 918 417; x_wconf 83' lang='lat' dir='ltr'>regnante</span> <span class='ocrx_word' id='word_1_15' title='bbox 947 340 1114 402; x_wconf 78' lang='lat' dir='ltr'>Teutanaa</span> 
     </span>
     <span class='ocr_line' id='line_1_3' title="bbox 63 424 1079 505; baseline 0.006 -21"><span class='ocrx_word' id='word_1_16' title='bbox 63 424 191 486; x_wconf 88' lang='lat' dir='ltr'>muliere</span> <span class='ocrx_word' id='word_1_17' title='bbox 221 426 462 505; x_wconf 84' lang='lat' dir='ltr'>populationibus</span> <span class='ocrx_word' id='word_1_18' title='bbox 490 444 550 486; x_wconf 93' lang='lat' dir='ltr'>non</span> <span class='ocrx_word' id='word_1_19' title='bbox 578 429 709 487; x_wconf 80' lang='lat' dir='ltr'>contenti</span> <span class='ocrx_word' id='word_1_20' title='bbox 738 427 875 489; x_wconf 80' lang='lat' dir='ltr'>licentiae</span> <span class='ocrx_word' id='word_1_21' title='bbox 904 427 1001 488; x_wconf 89' lang='lat' dir='ltr'>scelus</span> <span class='ocrx_word' id='word_1_22' title='bbox 1029 431 1079 490; x_wconf 91' lang='lat' dir='ltr'>ad-</span> 
     </span>
     <span class='ocr_line' id='line_1_4' title="bbox 65 513 1115 595; baseline 0.005 -21"><span class='ocrx_word' id='word_1_23' title='bbox 65 513 214 576; x_wconf 89' lang='lat' dir='ltr'>diderunt.</span> <span class='ocrx_word' id='word_1_24' title='bbox 261 513 372 594; x_wconf 91' lang='lat' dir='ltr'>legatos</span> <span class='ocrx_word' id='word_1_25' title='bbox 402 516 510 595; x_wconf 89' lang='lat' dir='ltr'>quippe</span> <span class='ocrx_word' id='word_1_26' title='bbox 534 522 653 575; x_wconf 90' lang='lat' dir='ltr'>nostros</span> <span class='ocrx_word' id='word_1_27' title='bbox 677 515 714 576; x_wconf 95' lang='lat' dir='ltr'>ob</span> <span class='ocrx_word' id='word_1_28' title='bbox 738 534 772 576; x_wconf 91' lang='lat' dir='ltr'>ea</span> <span class='ocrx_word' id='word_1_29' title='bbox 796 534 871 595; x_wconf 90' lang='lat' dir='ltr'>quae</span> <span class='ocrx_word' id='word_1_30' title='bbox 893 516 1115 595; x_wconf 84' lang='lat' dir='ltr'>deliqueranta</span> 
     </span>
     <span class='ocr_line' id='line_1_5' title="bbox 65 602 1080 686; baseline 0.003 -23"><span class='ocrx_word' id='word_1_31' title='bbox 65 605 132 663; x_wconf 89' lang='lat' dir='ltr'>iure</span> <span class='ocrx_word' id='word_1_32' title='bbox 165 610 286 682; x_wconf 88' lang='lat' dir='ltr'>agentes</span> <span class='ocrx_word' id='word_1_33' title='bbox 318 623 356 664; x_wconf 93' lang='lat' dir='ltr'>ne</span> <span class='ocrx_word' id='word_1_34' title='bbox 385 602 481 682; x_wconf 89' lang='lat' dir='ltr'>gladio</span> <span class='ocrx_word' id='word_1_35' title='bbox 510 604 642 686; x_wconf 81' lang='lat' dir='ltr'>quidem,</span> <span class='ocrx_word' id='word_1_36' title='bbox 676 604 728 664; x_wconf 91' lang='lat' dir='ltr'>sed</span> <span class='ocrx_word' id='word_1_37' title='bbox 755 612 789 665; x_wconf 94' lang='lat' dir='ltr'>ut</span> <span class='ocrx_word' id='word_1_38' title='bbox 816 607 950 666; x_wconf 88' lang='lat' dir='ltr'>vlotimas</span> <span class='ocrx_word' id='word_1_39' title='bbox 980 609 1080 666; x_wconf 90' lang='lat' dir='ltr'>securi</span> 
     </span>
     <span class='ocr_line' id='line_1_6' title="bbox 36 693 1079 774; baseline 0.004 -23"><span class='ocrx_word' id='word_1_40' title='bbox 36 693 248 773; x_wconf 79' lang='lat' dir='ltr'>spercutiunt,</span> <span class='ocrx_word' id='word_1_41' title='bbox 275 693 442 772; x_wconf 79' lang='lat' dir='ltr'>praefectos</span> <span class='ocrx_word' id='word_1_42' title='bbox 465 694 583 753; x_wconf 92' lang='lat' dir='ltr'>navium</span> <span class='ocrx_word' id='word_1_43' title='bbox 606 695 674 771; x_wconf 87' lang='lat' dir='ltr'>igne</span> <span class='ocrx_word' id='word_1_44' title='bbox 698 693 879 774; x_wconf 82' lang='lat' dir='ltr'>conburunt3</span> <span class='ocrx_word' id='word_1_45' title='bbox 907 693 997 773; x_wconf 90' lang='lat' dir='ltr'>idque</span> <span class='ocrx_word' id='word_1_46' title='bbox 1021 713 1079 773; x_wconf 90' lang='lat' dir='ltr'>quo</span> 
     </span>
     <span class='ocr_line' id='line_1_7' title="bbox 66 781 1115 865; baseline 0.003 -24"><span class='ocrx_word' id='word_1_47' title='bbox 66 781 220 858; x_wconf 85' lang='lat' dir='ltr'>indignius</span> <span class='ocrx_word' id='word_1_48' title='bbox 252 781 342 865; x_wconf 79' lang='lat' dir='ltr'>foret,</span> <span class='ocrx_word' id='word_1_49' title='bbox 374 781 482 842; x_wconf 93' lang='lat' dir='ltr'>mulier</span> <span class='ocrx_word' id='word_1_50' title='bbox 512 784 676 860; x_wconf 89' lang='lat' dir='ltr'>imperavit.</span> <span class='ocrx_word' id='word_1_51' title='bbox 722 785 822 861; x_wconf 89' lang='lat' dir='ltr'>itaque</span> <span class='ocrx_word' id='word_1_52' title='bbox 850 781 948 842; x_wconf 86' lang='lat' dir='ltr'>Gnaeo</span> <span class='ocrx_word' id='word_1_53' title='bbox 976 782 1115 844; x_wconf 77' lang='lat' dir='ltr'>Fulviot</span> 
     </span>
     <span class='ocr_line' id='line_1_8' title="bbox 67 868 1081 951; baseline 0.002 -22"><span class='ocrx_word' id='word_1_54' title='bbox 67 868 231 930; x_wconf 88' lang='lat' dir='ltr'>Centimalo</span> <span class='ocrx_word' id='word_1_55' title='bbox 269 870 345 932; x_wconf 91' lang='lat' dir='ltr'>duce</span> <span class='ocrx_word' id='word_1_56' title='bbox 381 870 438 930; x_wconf 92' lang='lat' dir='ltr'>late</span> <span class='ocrx_word' id='word_1_57' title='bbox 476 869 640 930; x_wconf 91' lang='lat' dir='ltr'>domantur.</span> <span class='ocrx_word' id='word_1_58' title='bbox 694 873 815 931; x_wconf 87' lang='lat' dir='ltr'>strictae</span> <span class='ocrx_word' id='word_1_59' title='bbox 847 873 878 931; x_wconf 92' lang='lat' dir='ltr'>in</span> <span class='ocrx_word' id='word_1_60' title='bbox 910 873 1081 951; x_wconf 88' lang='lat' dir='ltr'>principum</span> 
     </span>
     <span class='ocr_line' id='line_1_9' title="bbox 66 957 789 1038; baseline 0.001 -19"><span class='ocrx_word' id='word_1_61' title='bbox 66 957 143 1019; x_wconf 89' lang='lat' dir='ltr'>colla</span> <span class='ocrx_word' id='word_1_62' title='bbox 167 976 288 1028; x_wconf 88' lang='lat' dir='ltr'>secures</span> <span class='ocrx_word' id='word_1_63' title='bbox 312 959 475 1038; x_wconf 90' lang='lat' dir='ltr'>legatorum</span> <span class='ocrx_word' id='word_1_64' title='bbox 498 959 635 1019; x_wconf 90' lang='lat' dir='ltr'>manibus</span> <span class='ocrx_word' id='word_1_65' title='bbox 658 959 789 1020; x_wconf 87' lang='lat' dir='ltr'>litavere.</span> 
     </span>
    </p>
   </div>
   <div class='ocr_carea' id='block_1_3' title="bbox 227 1151 912 1214">
    <p class='ocr_par' dir='ltr' id='par_1_3' title="bbox 227 1151 912 1214">
     <span class='ocr_line' id='line_1_10' title="bbox 227 1151 912 1214; baseline 0 -1"><span class='ocrx_word' id='word_1_66' title='bbox 227 1153 314 1213; x_wconf 86' lang='lat' dir='ltr'>XXII.</span> <span class='ocrx_word' id='word_1_67' title='bbox 346 1152 496 1212; x_wconf 85' lang='lat' dir='ltr'><strong><em>BELLVM</em></strong></span> <span class='ocrx_word' id='word_1_68' title='bbox 518 1151 681 1214; x_wconf 83' lang='lat' dir='ltr'>PVNICVM</span> <span class='ocrx_word' id='word_1_69' title='bbox 705 1152 912 1214; x_wconf 84' lang='lat' dir='ltr'>SECVNDVM.</span> 
     </span>
    </p>
   </div>
   <div class='ocr_carea' id='block_1_4' title="bbox 24 1293 1163 1464">
    <p class='ocr_par' dir='ltr' id='par_1_4' title="bbox 24 1293 1163 1464">
     <span class='ocr_line' id='line_1_11' title="bbox 24 1293 1163 1379; baseline 0.001 -25"><span class='ocrx_word' id='word_1_70' title='bbox 24 1314 53 1354; x_wconf 92' lang='lat' dir='ltr'>1o</span> <span class='ocrx_word' id='word_1_71' title='bbox 136 1294 206 1354; x_wconf 92' lang='lat' dir='ltr'>Post</span> <span class='ocrx_word' id='word_1_72' title='bbox 228 1298 358 1373; x_wconf 91' lang='lat' dir='ltr'>primum</span> <span class='ocrx_word' id='word_1_73' title='bbox 376 1294 521 1355; x_wconf 90' lang='lat' dir='ltr'>Punicum</span> <span class='ocrx_word' id='word_1_74' title='bbox 544 1294 655 1356; x_wconf 89' lang='lat' dir='ltr'>bellum</span> <span class='ocrx_word' id='word_1_75' title='bbox 679 1296 727 1355; x_wconf 81' lang='lat' dir='ltr'>vix</span> <span class='ocrx_word' id='word_1_76' title='bbox 752 1295 928 1375; x_wconf 89' lang='lat' dir='ltr'>quadrienni</span> <span class='ocrx_word' id='word_1_77' title='bbox 947 1299 1080 1374; x_wconf 88' lang='lat' dir='ltr'>requies:</span> <span class='ocrx_word' id='word_1_78' title='bbox 1094 1293 1163 1379; x_wconf 77' lang='lat' dir='ltr'>11,ss</span> 
     </span>
     <span class='ocr_line' id='line_1_12' title="bbox 67 1383 1080 1464; baseline 0 -20"><span class='ocrx_word' id='word_1_79' title='bbox 67 1401 138 1444; x_wconf 88' lang='lat' dir='ltr'>ecce</span> <span class='ocrx_word' id='word_1_80' title='bbox 167 1383 292 1444; x_wconf 91' lang='lat' dir='ltr'>alterum</span> <span class='ocrx_word' id='word_1_81' title='bbox 315 1383 440 1464; x_wconf 82' lang='lat' dir='ltr'>bellum,</span> <span class='ocrx_word' id='word_1_82' title='bbox 467 1386 566 1444; x_wconf 93' lang='lat' dir='ltr'>minus</span> <span class='ocrx_word' id='word_1_83' title='bbox 591 1384 711 1462; x_wconf 92' lang='lat' dir='ltr'>quidem</span> <span class='ocrx_word' id='word_1_84' title='bbox 735 1386 830 1463; x_wconf 91' lang='lat' dir='ltr'>spatio</span> <span class='ocrx_word' id='word_1_85' title='bbox 854 1418 896 1426; x_wconf 92' lang='lat'>—</span> <span class='ocrx_word' id='word_1_86' title='bbox 911 1403 976 1444; x_wconf 88' lang='lat' dir='ltr'>nec</span> <span class='ocrx_word' id='word_1_87' title='bbox 999 1388 1080 1444; x_wconf 88' lang='lat' dir='ltr'>enim</span> 
     </span>
    </p>
   </div>
   <div class='ocr_carea' id='block_1_5' title="bbox 19 1471 1193 1908">
    <p class='ocr_par' dir='ltr' id='par_1_5' title="bbox 19 1471 1193 1908">
     <span class='ocr_line' id='line_1_13' title="bbox 66 1471 1079 1551; baseline 0.001 -19"><span class='ocrx_word' id='word_1_88' title='bbox 66 1471 194 1551; x_wconf 93' lang='lat' dir='ltr'>amplius</span> <span class='ocrx_word' id='word_1_89' title='bbox 218 1472 321 1533; x_wconf 89' lang='lat' dir='ltr'>decem</span> <span class='ocrx_word' id='word_1_90' title='bbox 345 1479 375 1532; x_wconf 87' lang='lat' dir='ltr'>et</span> <span class='ocrx_word' id='word_1_91' title='bbox 398 1480 463 1532; x_wconf 92' lang='lat' dir='ltr'>octo</span> <span class='ocrx_word' id='word_1_92' title='bbox 488 1490 580 1533; x_wconf 92' lang='lat' dir='ltr'>annos</span> <span class='ocrx_word' id='word_1_93' title='bbox 603 1472 753 1533; x_wconf 83' lang='lat' dir='ltr'>habet-</span> <span class='ocrx_word' id='word_1_94' title='bbox 778 1473 830 1532; x_wconf 92' lang='lat' dir='ltr'>sed</span> <span class='ocrx_word' id='word_1_95' title='bbox 854 1472 927 1532; x_wconf 91' lang='lat' dir='ltr'>adeo</span> <span class='ocrx_word' id='word_1_96' title='bbox 952 1472 1079 1533; x_wconf 87' lang='lat' dir='ltr'>cladium</span> 
     </span>
     <span class='ocr_line' id='line_1_14' title="bbox 65 1560 1078 1642; baseline -0.001 -21"><span class='ocrx_word' id='word_1_97' title='bbox 65 1563 220 1624; x_wconf 87' lang='lat' dir='ltr'>atrocitate</span> <span class='ocrx_word' id='word_1_98' title='bbox 249 1561 413 1622; x_wconf 91' lang='lat' dir='ltr'>terribilius</span> <span class='ocrx_word' id='word_1_99' title='bbox 441 1569 483 1642; x_wconf 82' lang='lat' dir='ltr'>ut,</span> <span class='ocrx_word' id='word_1_100' title='bbox 511 1563 605 1639; x_wconf 89' lang='lat' dir='ltr'>siquis</span> <span class='ocrx_word' id='word_1_101' title='bbox 634 1562 767 1622; x_wconf 81' lang='lat' dir='ltr'>conterat</span> <span class='ocrx_word' id='word_1_102' title='bbox 791 1560 896 1621; x_wconf 91' lang='lat' dir='ltr'>damna</span> <span class='ocrx_word' id='word_1_103' title='bbox 922 1563 1078 1639; x_wconf 86' lang='lat' dir='ltr'>utriusque</span> 
     </span>
     <span class='ocr_line' id='line_1_15' title="bbox 62 1649 1193 1732; baseline 0.001 -22"><span class='ocrx_word' id='word_1_104' title='bbox 62 1650 181 1732; x_wconf 80' lang='lat' dir='ltr'>populI,</span> <span class='ocrx_word' id='word_1_105' title='bbox 212 1649 338 1710; x_wconf 88' lang='lat' dir='ltr'>similior</span> <span class='ocrx_word' id='word_1_106' title='bbox 368 1652 445 1710; x_wconf 86' lang='lat' dir='ltr'>vloto</span> <span class='ocrx_word' id='word_1_107' title='bbox 474 1651 513 1710; x_wconf 91' lang='lat' dir='ltr'>sit</span> <span class='ocrx_word' id='word_1_108' title='bbox 539 1649 667 1728; x_wconf 91' lang='lat' dir='ltr'>populus</span> <span class='ocrx_word' id='word_1_109' title='bbox 695 1649 745 1710; x_wconf 92' lang='lat' dir='ltr'>ille</span> <span class='ocrx_word' id='word_1_110' title='bbox 774 1651 825 1729; x_wconf 91' lang='lat' dir='ltr'>qui</span> <span class='ocrx_word' id='word_1_111' title='bbox 848 1651 927 1709; x_wconf 84' lang='lat' dir='ltr'>vtcit.</span> <span class='ocrx_word' id='word_1_112' title='bbox 974 1649 1113 1711; x_wconf 80' lang='lat' dir='ltr'>urebata</span> <span class='ocrx_word' id='word_1_113' title='bbox 1187 1662 1193 1673; x_wconf 86' lang='lat'>&#39;</span> 
     </span>
     <span class='ocr_line' id='line_1_16' title="bbox 19 1737 1077 1819; baseline -0.001 -21"><span class='ocrx_word' id='word_1_114' title='bbox 19 1757 50 1798; x_wconf 83' lang='lat' dir='ltr'>rs</span> <span class='ocrx_word' id='word_1_115' title='bbox 64 1739 196 1799; x_wconf 87' lang='lat' dir='ltr'>nobilem</span> <span class='ocrx_word' id='word_1_116' title='bbox 231 1738 374 1818; x_wconf 93' lang='lat' dir='ltr'>populum</span> <span class='ocrx_word' id='word_1_117' title='bbox 410 1738 539 1798; x_wconf 89' lang='lat' dir='ltr'>ablatum</span> <span class='ocrx_word' id='word_1_118' title='bbox 575 1757 670 1819; x_wconf 82' lang='lat' dir='ltr'>mare,</span> <span class='ocrx_word' id='word_1_119' title='bbox 706 1744 808 1817; x_wconf 89' lang='lat' dir='ltr'>raptae</span> <span class='ocrx_word' id='word_1_120' title='bbox 840 1737 970 1819; x_wconf 85' lang='lat' dir='ltr'>insulae,</span> <span class='ocrx_word' id='word_1_121' title='bbox 1007 1737 1077 1797; x_wconf 77' lang='lat' dir='ltr'>claro</span> 
     </span>
     <span class='ocr_line' id='line_1_17' title="bbox 61 1825 1078 1908; baseline -0.001 -21"><span class='ocrx_word' id='word_1_122' title='bbox 61 1827 188 1908; x_wconf 82' lang='lat' dir='ltr'>tributa,</span> <span class='ocrx_word' id='word_1_123' title='bbox 224 1846 299 1907; x_wconf 93' lang='lat' dir='ltr'>quae</span> <span class='ocrx_word' id='word_1_124' title='bbox 336 1827 439 1888; x_wconf 90' lang='lat' dir='ltr'>iubere</span> <span class='ocrx_word' id='word_1_125' title='bbox 473 1834 673 1888; x_wconf 88' lang='lat' dir='ltr'>consueverat.</span> <span class='ocrx_word' id='word_1_126' title='bbox 723 1826 794 1886; x_wconf 88' lang='lat' dir='ltr'>hinc</span> <span class='ocrx_word' id='word_1_127' title='bbox 826 1825 969 1886; x_wconf 89' lang='lat' dir='ltr'>ultionem</span> <span class='ocrx_word' id='word_1_128' title='bbox 1002 1845 1078 1906; x_wconf 86' lang='lat' dir='ltr'>puer</span> 
     </span>
    </p>
   </div>
   <div class='ocr_carea' id='block_1_6' title="bbox 24 1915 1112 2263">
    <p class='ocr_par' dir='ltr' id='par_1_6' title="bbox 61 1915 1112 1997">
     <span class='ocr_line' id='line_1_18' title="bbox 61 1915 1112 1997; baseline 0 -21"><span class='ocrx_word' id='word_1_129' title='bbox 61 1915 210 1976; x_wconf 90' lang='lat' dir='ltr'>Hannibal</span> <span class='ocrx_word' id='word_1_130' title='bbox 232 1916 268 1977; x_wconf 90' lang='lat' dir='ltr'>ad</span> <span class='ocrx_word' id='word_1_131' title='bbox 292 1935 372 1977; x_wconf 90' lang='lat' dir='ltr'>aram</span> <span class='ocrx_word' id='word_1_132' title='bbox 395 1918 473 1995; x_wconf 89' lang='lat' dir='ltr'>patri</span> <span class='ocrx_word' id='word_1_133' title='bbox 497 1918 658 1997; x_wconf 79' lang='lat' dir='ltr'>iuraverat,</span> <span class='ocrx_word' id='word_1_134' title='bbox 681 1934 736 1975; x_wconf 92' lang='lat' dir='ltr'>nec</span> <span class='ocrx_word' id='word_1_135' title='bbox 759 1915 938 1976; x_wconf 89' lang='lat' dir='ltr'>morabatur.</span> <span class='ocrx_word' id='word_1_136' title='bbox 985 1916 1077 1992; x_wconf 88' lang='lat' dir='ltr'>igitur</span> <span class='ocrx_word' id='word_1_137' title='bbox 1096 1930 1112 1976; x_wconf 87' lang='lat'><strong>3</strong></span> 
     </span>
    </p>

    <p class='ocr_par' dir='ltr' id='par_1_7' title="bbox 62 2003 1076 2085">
     <span class='ocr_line' id='line_1_19' title="bbox 62 2003 1076 2085; baseline -0.002 -21"><span class='ocrx_word' id='word_1_138' title='bbox 62 2007 95 2064; x_wconf 93' lang='lat' dir='ltr'>in</span> <span class='ocrx_word' id='word_1_139' title='bbox 119 2023 239 2066; x_wconf 90' lang='lat' dir='ltr'>causam</span> <span class='ocrx_word' id='word_1_140' title='bbox 261 2003 332 2064; x_wconf 91' lang='lat' dir='ltr'>belli</span> <span class='ocrx_word' id='word_1_141' title='bbox 356 2005 501 2083; x_wconf 82' lang='lat' dir='ltr'>Saguntos</span> <span class='ocrx_word' id='word_1_142' title='bbox 525 2005 618 2066; x_wconf 88' lang='lat' dir='ltr'>electa</span> <span class='ocrx_word' id='word_1_143' title='bbox 642 2013 696 2085; x_wconf 81' lang='lat' dir='ltr'>est,</span> <span class='ocrx_word' id='word_1_144' title='bbox 719 2012 804 2064; x_wconf 87' lang='lat' dir='ltr'>vetus</span> <span class='ocrx_word' id='word_1_145' title='bbox 823 2003 982 2084; x_wconf 87' lang='lat' dir='ltr'>Hispaniae</span> <span class='ocrx_word' id='word_1_146' title='bbox 1006 2005 1076 2064; x_wconf 89' lang='lat' dir='ltr'>civi-</span> 
     </span>
    </p>

    <p class='ocr_par' dir='ltr' id='par_1_8' title="bbox 24 2093 1112 2263">
     <span class='ocr_line' id='line_1_20' title="bbox 64 2093 1104 2172; baseline -0.002 -18"><span class='ocrx_word' id='word_1_147' title='bbox 64 2102 110 2154; x_wconf 90' lang='lat' dir='ltr'>tas</span> <span class='ocrx_word' id='word_1_148' title='bbox 140 2101 169 2154; x_wconf 90' lang='lat' dir='ltr'>et</span> <span class='ocrx_word' id='word_1_149' title='bbox 197 2093 335 2172; x_wconf 89' lang='lat' dir='ltr'>opulenta</span> <span class='ocrx_word' id='word_1_150' title='bbox 363 2093 492 2171; x_wconf 89' lang='lat' dir='ltr'>fideique</span> <span class='ocrx_word' id='word_1_151' title='bbox 522 2113 590 2172; x_wconf 89' lang='lat' dir='ltr'>erga</span> <span class='ocrx_word' id='word_1_152' title='bbox 614 2094 761 2154; x_wconf 89' lang='lat' dir='ltr'>Romanos</span> <span class='ocrx_word' id='word_1_153' title='bbox 789 2111 928 2172; x_wconf 90' lang='lat' dir='ltr'>magnum</span> <span class='ocrx_word' id='word_1_154' title='bbox 957 2093 1077 2172; x_wconf 88' lang='lat' dir='ltr'>quidem</span> <span class='ocrx_word' id='word_1_155' title='bbox 1102 2163 1104 2167; x_wconf 51' lang='lat'>.</span> 
     </span>
     <span class='ocr_line' id='line_1_21' title="bbox 24 2182 1112 2263; baseline 0.001 -23"><span class='ocrx_word' id='word_1_156' title='bbox 24 2186 52 2240; x_wconf 82' lang='lat' dir='ltr'>st</span> <span class='ocrx_word' id='word_1_157' title='bbox 67 2190 113 2243; x_wconf 90' lang='lat' dir='ltr'>set</span> <span class='ocrx_word' id='word_1_158' title='bbox 149 2185 236 2243; x_wconf 86' lang='lat' dir='ltr'>triste</span> <span class='ocrx_word' id='word_1_159' title='bbox 267 2189 505 2263; x_wconf 86' lang='lat' dir='ltr'>monumentum,</span> <span class='ocrx_word' id='word_1_160' title='bbox 543 2201 631 2263; x_wconf 92' lang='lat' dir='ltr'>quam</span> <span class='ocrx_word' id='word_1_161' title='bbox 663 2186 694 2243; x_wconf 92' lang='lat' dir='ltr'>in</span> <span class='ocrx_word' id='word_1_162' title='bbox 726 2182 894 2244; x_wconf 91' lang='lat' dir='ltr'>libertatem</span> <span class='ocrx_word' id='word_1_163' title='bbox 926 2184 1112 2243; x_wconf 75' lang='lat' dir='ltr'>communit</span> 
     </span>
    </p>
   </div>
   <div class='ocr_carea' id='block_1_7' title="bbox 14 2316 1098 2953">
    <p class='ocr_par' dir='ltr' id='par_1_9' title="bbox 60 2316 1079 2741">
     <span class='ocr_line' id='line_1_22' title="bbox 133 2316 1074 2394; baseline 0.001 -24"><span class='ocrx_word' id='word_1_164' title='bbox 133 2318 155 2370; x_wconf 91' lang='lat' dir='ltr'>I</span> <span class='ocrx_word' id='word_1_165' title='bbox 171 2322 184 2369; x_wconf 96' lang='lat'>1</span> <span class='ocrx_word' id='word_1_166' title='bbox 209 2316 319 2371; x_wconf 87' lang='lat' dir='ltr'>adriani</span> <span class='ocrx_word' id='word_1_167' title='bbox 342 2318 370 2371; x_wconf 85' lang='lat' dir='ltr'><strong><em>A</em></strong></span> <span class='ocrx_word' id='word_1_168' title='bbox 390 2320 394 2384; x_wconf 95' lang='grc' dir='ltr'>Ι</span> <span class='ocrx_word' id='word_1_169' title='bbox 416 2317 510 2371; x_wconf 87' lang='lat' dir='ltr'>effusit</span> <span class='ocrx_word' id='word_1_170' title='bbox 533 2320 556 2387; x_wconf 84' lang='lat' dir='ltr'>(t</span> <span class='ocrx_word' id='word_1_171' title='bbox 578 2320 661 2374; x_wconf 80' lang='lat' dir='ltr'>erasit</span> <span class='ocrx_word' id='word_1_172' title='bbox 683 2335 717 2373; x_wconf 84' lang='lat' dir='ltr'>m.</span> <span class='ocrx_word' id='word_1_173' title='bbox 736 2321 764 2388; x_wconf 86' lang='grc'>1)</span> <span class='ocrx_word' id='word_1_174' title='bbox 782 2318 810 2372; x_wconf 89' lang='grc' dir='ltr'><strong><em>Β</em></strong></span> <span class='ocrx_word' id='word_1_175' title='bbox 827 2321 830 2386; x_wconf 99' lang='grc' dir='ltr'>Ι</span> <span class='ocrx_word' id='word_1_176' title='bbox 846 2317 892 2394; x_wconf 77' lang='lat' dir='ltr'>Hy</span> <span class='ocrx_word' id='word_1_177' title='bbox 910 2318 937 2370; x_wconf 88' lang='lat' dir='ltr'><em>L</em></span> <span class='ocrx_word' id='word_1_178' title='bbox 955 2319 1074 2372; x_wconf 80' lang='lat' dir='ltr'>teutona</span> 
     </span>
     <span class='ocr_line' id='line_1_23' title="bbox 62 2388 1077 2458; baseline -0.002 -15"><span class='ocrx_word' id='word_1_179' title='bbox 62 2389 209 2457; x_wconf 64' lang='lat' dir='ltr'>(peractor</span> <span class='ocrx_word' id='word_1_180' title='bbox 227 2404 245 2442; x_wconf 91' lang='lat' dir='ltr'>a</span> <span class='ocrx_word' id='word_1_181' title='bbox 263 2405 331 2444; x_wconf 82' lang='lat' dir='ltr'>corr.</span> <span class='ocrx_word' id='word_1_182' title='bbox 351 2405 385 2444; x_wconf 81' lang='lat' dir='ltr'>ex</span> <span class='ocrx_word' id='word_1_183' title='bbox 403 2390 428 2456; x_wconf 90' lang='lat' dir='ltr'>e)</span> <span class='ocrx_word' id='word_1_184' title='bbox 444 2390 471 2442; x_wconf 98' lang='lat' dir='ltr'><strong><em>L</em></strong></span> <span class='ocrx_word' id='word_1_185' title='bbox 484 2393 523 2458; x_wconf 77' lang='grc' dir='ltr'>Ι2</span> <span class='ocrx_word' id='word_1_186' title='bbox 543 2389 699 2458; x_wconf 82' lang='lat' dir='ltr'>contempti</span> <span class='ocrx_word' id='word_1_187' title='bbox 712 2389 739 2442; x_wconf 88' lang='lat' dir='ltr'><strong><em>L</em></strong></span> <span class='ocrx_word' id='word_1_188' title='bbox 754 2392 759 2458; x_wconf 95' lang='grc' dir='ltr'>Ι</span> <span class='ocrx_word' id='word_1_189' title='bbox 775 2390 897 2443; x_wconf 90' lang='lat' dir='ltr'>content.</span> <span class='ocrx_word' id='word_1_190' title='bbox 915 2388 959 2441; x_wconf 89' lang='lat' dir='ltr'>illi</span> <span class='ocrx_word' id='word_1_191' title='bbox 978 2388 1077 2444; x_wconf 82' lang='lat' dir='ltr'>cantiae</span> 
     </span>
     <span class='ocr_line' id='line_1_24' title="bbox 61 2458 1078 2531; baseline 0 -18"><span class='ocrx_word' id='word_1_192' title='bbox 61 2461 94 2513; x_wconf 78' lang='lat' dir='ltr'>ia</span> <span class='ocrx_word' id='word_1_193' title='bbox 108 2458 233 2513; x_wconf 90' lang='lat' dir='ltr'>contenti</span> <span class='ocrx_word' id='word_1_194' title='bbox 246 2458 368 2524; x_wconf 81' lang='lat' dir='ltr'>licentiae</span> <span class='ocrx_word' id='word_1_195' title='bbox 378 2467 443 2514; x_wconf 83' lang='lat' dir='ltr'>mat.</span> <span class='ocrx_word' id='word_1_196' title='bbox 455 2461 488 2513; x_wconf 93' lang='lat' dir='ltr'><strong><em>N</em></strong></span> <span class='ocrx_word' id='word_1_197' title='bbox 492 2460 503 2490; x_wconf 81' lang='lat'>²</span> <span class='ocrx_word' id='word_1_198' title='bbox 516 2461 525 2528; x_wconf 94' lang='grc' dir='ltr'>ΙΙ</span> <span class='ocrx_word' id='word_1_199' title='bbox 539 2461 688 2531; x_wconf 73' lang='lat' dir='ltr'>anostros]</span> <span class='ocrx_word' id='word_1_200' title='bbox 701 2476 831 2514; x_wconf 89' lang='lat' dir='ltr'>romanos</span> <span class='ocrx_word' id='word_1_201' title='bbox 843 2461 864 2512; x_wconf 86' lang='lat' dir='ltr'>I</span> <span class='ocrx_word' id='word_1_202' title='bbox 878 2461 882 2528; x_wconf 99' lang='grc' dir='ltr'>Ι</span> <span class='ocrx_word' id='word_1_203' title='bbox 899 2459 1078 2528; x_wconf 84' lang='lat' dir='ltr'>deliquerant</span> 
     </span>
     <span class='ocr_line' id='line_1_25' title="bbox 62 2529 1079 2599; baseline 0.001 -17"><span class='ocrx_word' id='word_1_204' title='bbox 62 2531 92 2598; x_wconf 92' lang='lat' dir='ltr'>(n</span> <span class='ocrx_word' id='word_1_205' title='bbox 104 2546 165 2598; x_wconf 77' lang='lat' dir='ltr'>cop.</span> <span class='ocrx_word' id='word_1_206' title='bbox 179 2532 257 2597; x_wconf 84' lang='lat' dir='ltr'>vers.)</span> <span class='ocrx_word' id='word_1_207' title='bbox 270 2530 297 2583; x_wconf 88' lang='lat' dir='ltr'><strong><em>L</em></strong></span> <span class='ocrx_word' id='word_1_208' title='bbox 310 2532 320 2599; x_wconf 95' lang='grc' dir='ltr'>ΙΙ</span> <span class='ocrx_word' id='word_1_209' title='bbox 334 2535 350 2584; x_wconf 84' lang='lat'>5</span> <span class='ocrx_word' id='word_1_210' title='bbox 365 2530 532 2584; x_wconf 85' lang='lat' dir='ltr'>comburunt</span> <span class='ocrx_word' id='word_1_211' title='bbox 545 2531 574 2584; x_wconf 91' lang='lat' dir='ltr'><em>B</em></span> <span class='ocrx_word' id='word_1_212' title='bbox 588 2531 726 2586; x_wconf 77' lang='lat' dir='ltr'>odburunt</span> <span class='ocrx_word' id='word_1_213' title='bbox 738 2530 773 2586; x_wconf 89' lang='lat' dir='ltr'><strong><em>N</em></strong></span> <span class='ocrx_word' id='word_1_214' title='bbox 784 2532 789 2599; x_wconf 98' lang='grc' dir='ltr'>Ι</span> <span class='ocrx_word' id='word_1_215' title='bbox 805 2529 881 2598; x_wconf 90' lang='lat' dir='ltr'>quod</span> <span class='ocrx_word' id='word_1_216' title='bbox 890 2529 917 2582; x_wconf 94' lang='lat' dir='ltr'><strong><em>L</em></strong></span> <span class='ocrx_word' id='word_1_217' title='bbox 930 2531 940 2598; x_wconf 98' lang='grc' dir='ltr'>ΙΙ</span> <span class='ocrx_word' id='word_1_218' title='bbox 954 2536 970 2585; x_wconf 83' lang='grc'>0</span> <span class='ocrx_word' id='word_1_219' title='bbox 984 2531 1079 2584; x_wconf 87' lang='lat' dir='ltr'>forent</span> 
     </span>
     <span class='ocr_line' id='line_1_26' title="bbox 62 2599 1076 2670; baseline 0.001 -17"><span class='ocrx_word' id='word_1_220' title='bbox 62 2603 91 2669; x_wconf 89' lang='lat' dir='ltr'>(n</span> <span class='ocrx_word' id='word_1_221' title='bbox 105 2602 203 2670; x_wconf 83' lang='lat' dir='ltr'>deleta)</span> <span class='ocrx_word' id='word_1_222' title='bbox 212 2601 240 2654; x_wconf 91' lang='lat' dir='ltr'><em>B</em></span> <span class='ocrx_word' id='word_1_223' title='bbox 256 2602 261 2669; x_wconf 94' lang='grc' dir='ltr'>Ι</span> <span class='ocrx_word' id='word_1_224' title='bbox 277 2600 436 2670; x_wconf 80' lang='lat' dir='ltr'>imperabat</span> <span class='ocrx_word' id='word_1_225' title='bbox 447 2601 487 2670; x_wconf 79' lang='grc' dir='ltr'>ΟΙ</span> <span class='ocrx_word' id='word_1_226' title='bbox 504 2599 550 2656; x_wconf 80' lang='grc'>,0.</span> <span class='ocrx_word' id='word_1_227' title='bbox 560 2601 594 2656; x_wconf 89' lang='lat' dir='ltr'>N.</span> <span class='ocrx_word' id='word_1_228' title='bbox 610 2601 699 2656; x_wconf 90' lang='lat' dir='ltr'>fuluio</span> <span class='ocrx_word' id='word_1_229' title='bbox 709 2602 737 2656; x_wconf 91' lang='lat' dir='ltr'><strong><em>L</em></strong></span> <span class='ocrx_word' id='word_1_230' title='bbox 750 2604 759 2665; x_wconf 94' lang='grc' dir='ltr'>Ι</span> <span class='ocrx_word' id='word_1_231' title='bbox 774 2607 789 2655; x_wconf 85' lang='grc'><strong>7</strong></span> <span class='ocrx_word' id='word_1_232' title='bbox 804 2599 959 2669; x_wconf 81' lang='lat' dir='ltr'>gentimalo</span> <span class='ocrx_word' id='word_1_233' title='bbox 968 2601 997 2654; x_wconf 79' lang='lat' dir='ltr'><strong><em>A</em></strong></span> <span class='ocrx_word' id='word_1_234' title='bbox 1007 2600 1076 2655; x_wconf 84' lang='lat' dir='ltr'>Cen·</span> 
     </span>
     <span class='ocr_line' id='line_1_27' title="bbox 60 2670 1078 2741; baseline -0.001 -16"><span class='ocrx_word' id='word_1_235' title='bbox 60 2670 200 2725; x_wconf 88' lang='lat' dir='ltr'>tumalum</span> <span class='ocrx_word' id='word_1_236' title='bbox 210 2673 353 2741; x_wconf 80' lang='lat' dir='ltr'>appellant</span> <span class='ocrx_word' id='word_1_237' title='bbox 360 2674 424 2739; x_wconf 78' lang='lat' dir='ltr'>fast.</span> <span class='ocrx_word' id='word_1_238' title='bbox 437 2671 526 2741; x_wconf 78' lang='lat' dir='ltr'>Oopc&#39;t.</span> <span class='ocrx_word' id='word_1_239' title='bbox 537 2670 731 2741; x_wconf 56' lang='lat'>0111112456</span> <span class='ocrx_word' id='word_1_240' title='bbox 748 2674 753 2741; x_wconf 88' lang='grc' dir='ltr'>Ι</span> <span class='ocrx_word' id='word_1_241' title='bbox 769 2687 879 2725; x_wconf 88' lang='lat' dir='ltr'>secures</span> <span class='ocrx_word' id='word_1_242' title='bbox 886 2677 950 2739; x_wconf 78' lang='lat' dir='ltr'>poet</span> <span class='ocrx_word' id='word_1_243' title='bbox 960 2670 1078 2725; x_wconf 81' lang='lat' dir='ltr'>strictae</span> 
     </span>
    </p>

    <p class='ocr_par' dir='ltr' id='par_1_10' title="bbox 14 2739 1098 2953">
     <span class='ocr_line' id='line_1_28' title="bbox 14 2739 1077 2812; baseline -0.002 -16"><span class='ocrx_word' id='word_1_244' title='bbox 14 2739 17 2746; x_wconf 88' lang='grc'><strong>’</strong></span> <span class='ocrx_word' id='word_1_245' title='bbox 61 2743 89 2796; x_wconf 85' lang='grc' dir='ltr'><strong><em>Α</em></strong></span> <span class='ocrx_word' id='word_1_246' title='bbox 106 2741 110 2812; x_wconf 94' lang='grc' dir='ltr'>Ι</span> <span class='ocrx_word' id='word_1_247' title='bbox 125 2741 285 2811; x_wconf 87' lang='lat' dir='ltr'>principum</span> <span class='ocrx_word' id='word_1_248' title='bbox 303 2746 361 2812; x_wconf 82' lang='lat' dir='ltr'>(um</span> <span class='ocrx_word' id='word_1_249' title='bbox 375 2760 471 2798; x_wconf 81' lang='lat' dir='ltr'>correo.</span> <span class='ocrx_word' id='word_1_250' title='bbox 486 2759 520 2797; x_wconf 78' lang='lat' dir='ltr'>ea</span> <span class='ocrx_word' id='word_1_251' title='bbox 533 2740 569 2811; x_wconf 88' lang='lat' dir='ltr'>ic)</span> <span class='ocrx_word' id='word_1_252' title='bbox 584 2744 612 2797; x_wconf 91' lang='lat' dir='ltr'><em>B</em></span> <span class='ocrx_word' id='word_1_253' title='bbox 625 2741 796 2811; x_wconf 87' lang='lat' dir='ltr'>principium</span> <span class='ocrx_word' id='word_1_254' title='bbox 808 2743 831 2795; x_wconf 90' lang='lat' dir='ltr'>I</span> <span class='ocrx_word' id='word_1_255' title='bbox 839 2746 848 2809; x_wconf 93' lang='grc' dir='ltr'>Ι</span> <span class='ocrx_word' id='word_1_256' title='bbox 862 2745 879 2793; x_wconf 88' lang='grc'>8</span> <span class='ocrx_word' id='word_1_257' title='bbox 892 2739 1012 2794; x_wconf 87' lang='lat' dir='ltr'>leuitare</span> <span class='ocrx_word' id='word_1_258' title='bbox 1026 2742 1054 2794; x_wconf 95' lang='lat' dir='ltr'><strong><em>L</em></strong></span> <span class='ocrx_word' id='word_1_259' title='bbox 1067 2741 1077 2812; x_wconf 95' lang='grc' dir='ltr'>ΙΙ</span> 
     </span>
     <span class='ocr_line' id='line_1_29' title="bbox 62 2810 1098 2884; baseline -0.002 -18"><span class='ocrx_word' id='word_1_260' title='bbox 62 2817 97 2866; x_wconf 89' lang='grc'>10</span> <span class='ocrx_word' id='word_1_261' title='bbox 108 2813 202 2866; x_wconf 86' lang='lat' dir='ltr'>autem</span> <span class='ocrx_word' id='word_1_262' title='bbox 212 2819 275 2868; x_wconf 79' lang='lat' dir='ltr'>acte</span> <span class='ocrx_word' id='word_1_263' title='bbox 284 2813 418 2883; x_wconf 88' lang='lat' dir='ltr'>punicum</span> <span class='ocrx_word' id='word_1_264' title='bbox 428 2815 491 2868; x_wconf 83' lang='lat' dir='ltr'>add.</span> <span class='ocrx_word' id='word_1_265' title='bbox 502 2815 524 2867; x_wconf 91' lang='lat' dir='ltr'>I</span> <span class='ocrx_word' id='word_1_266' title='bbox 531 2814 534 2884; x_wconf 95' lang='grc' dir='ltr'>Ι</span> <span class='ocrx_word' id='word_1_267' title='bbox 547 2812 716 2882; x_wconf 81' lang='lat' dir='ltr'>quadrienni</span> <span class='ocrx_word' id='word_1_268' title='bbox 725 2813 753 2866; x_wconf 96' lang='lat' dir='ltr'><strong><em>L</em></strong></span> <span class='ocrx_word' id='word_1_269' title='bbox 762 2810 941 2881; x_wconf 90' lang='lat' dir='ltr'>quadriennii</span> <span class='ocrx_word' id='word_1_270' title='bbox 950 2811 985 2865; x_wconf 89' lang='lat' dir='ltr'><strong><em>N</em></strong></span> <span class='ocrx_word' id='word_1_271' title='bbox 991 2828 1077 2880; x_wconf 90' lang='lat' dir='ltr'>quam</span> <span class='ocrx_word' id='word_1_272' title='bbox 1096 2843 1098 2848; x_wconf 92' lang='lat'><em>·</em></span> 
     </span>
     <span class='ocr_line' id='line_1_30' title="bbox 61 2881 1077 2953; baseline 0.001 -18"><span class='ocrx_word' id='word_1_273' title='bbox 61 2881 215 2936; x_wconf 86' lang='lat' dir='ltr'>trienniiB</span> <span class='ocrx_word' id='word_1_274' title='bbox 229 2884 445 2953; x_wconf 85' lang='lat' dir='ltr'>quadriennium</span> <span class='ocrx_word' id='word_1_275' title='bbox 454 2886 476 2938; x_wconf 91' lang='lat' dir='ltr'>I</span> <span class='ocrx_word' id='word_1_276' title='bbox 485 2887 494 2953; x_wconf 95' lang='grc' dir='ltr'>ΙΙ</span> <span class='ocrx_word' id='word_1_277' title='bbox 509 2889 541 2938; x_wconf 90' lang='grc'>11</span> <span class='ocrx_word' id='word_1_278' title='bbox 557 2883 632 2938; x_wconf 91' lang='lat' dir='ltr'>enim</span> <span class='ocrx_word' id='word_1_279' title='bbox 647 2886 676 2953; x_wconf 90' lang='lat' dir='ltr'>(n</span> <span class='ocrx_word' id='word_1_280' title='bbox 685 2889 805 2940; x_wconf 79' lang='lat' dir='ltr'>correcta</span> <span class='ocrx_word' id='word_1_281' title='bbox 818 2881 1005 2951; x_wconf 81' lang='lat' dir='ltr'>m.1exii)B</span> <span class='ocrx_word' id='word_1_282' title='bbox 1018 2885 1028 2952; x_wconf 97' lang='grc' dir='ltr'>ΙΙ</span> <span class='ocrx_word' id='word_1_283' title='bbox 1043 2887 1077 2936; x_wconf 78' lang='lat'>12</span> 
     </span>
    </p>
   </div>
   <div class='ocr_carea' id='block_1_8' title="bbox 58 2961 1089 3608">
    <p class='ocr_par' dir='ltr' id='par_1_11' title="bbox 58 2961 1089 3608">
     <span class='ocr_line' id='line_1_31' title="bbox 61 2961 1075 3043; baseline -0.002 -18"><span class='ocrx_word' id='word_1_284' title='bbox 61 2969 184 3040; x_wconf 76' lang='lat' dir='ltr'>amphus</span> <span class='ocrx_word' id='word_1_285' title='bbox 202 2988 288 3040; x_wconf 88' lang='lat' dir='ltr'>quam</span> <span class='ocrx_word' id='word_1_286' title='bbox 301 2961 404 3027; x_wconf 60' lang='lat' dir='ltr'>LVIII.</span> <span class='ocrx_word' id='word_1_287' title='bbox 423 2972 458 3026; x_wconf 89' lang='grc' dir='ltr'><em>Ν</em></span> <span class='ocrx_word' id='word_1_288' title='bbox 472 2972 593 3043; x_wconf 87' lang='lat' dir='ltr'>amplius</span> <span class='ocrx_word' id='word_1_289' title='bbox 611 2971 703 3026; x_wconf 86' lang='lat' dir='ltr'>XVIII</span> <span class='ocrx_word' id='word_1_290' title='bbox 719 2972 747 3026; x_wconf 93' lang='lat' dir='ltr'><strong><em>L</em></strong></span> <span class='ocrx_word' id='word_1_291' title='bbox 767 2973 772 3041; x_wconf 97' lang='grc' dir='ltr'>Ι</span> <span class='ocrx_word' id='word_1_292' title='bbox 791 2971 891 3041; x_wconf 91' lang='lat' dir='ltr'>habet]</span> <span class='ocrx_word' id='word_1_293' title='bbox 914 2971 1013 3024; x_wconf 84' lang='lat' dir='ltr'>tenens</span> <span class='ocrx_word' id='word_1_294' title='bbox 1032 2971 1055 3023; x_wconf 95' lang='lat' dir='ltr'>I</span> <span class='ocrx_word' id='word_1_295' title='bbox 1070 2969 1075 3040; x_wconf 97' lang='grc' dir='ltr'>Ι</span> 
     </span>
     <span class='ocr_line' id='line_1_32' title="bbox 60 3041 1077 3113; baseline -0.002 -17"><span class='ocrx_word' id='word_1_296' title='bbox 60 3043 98 3096; x_wconf 76' lang='lat' dir='ltr'>ada</span> <span class='ocrx_word' id='word_1_297' title='bbox 116 3042 151 3096; x_wconf 89' lang='lat' dir='ltr'><em>N</em></span> <span class='ocrx_word' id='word_1_298' title='bbox 167 3043 172 3110; x_wconf 92' lang='grc' dir='ltr'>Ι</span> <span class='ocrx_word' id='word_1_299' title='bbox 187 3041 278 3112; x_wconf 80' lang='lat' dir='ltr'>gladii</span> <span class='ocrx_word' id='word_1_300' title='bbox 295 3043 322 3098; x_wconf 94' lang='lat' dir='ltr'><strong><em>L</em></strong></span> <span class='ocrx_word' id='word_1_301' title='bbox 340 3042 468 3113; x_wconf 81' lang='lat' dir='ltr'>gladium</span> <span class='ocrx_word' id='word_1_302' title='bbox 485 3046 508 3098; x_wconf 91' lang='grc' dir='ltr'><em>Ι</em></span> <span class='ocrx_word' id='word_1_303' title='bbox 526 3048 535 3113; x_wconf 96' lang='grc' dir='ltr'>ΙΙ</span> <span class='ocrx_word' id='word_1_304' title='bbox 560 3047 592 3096; x_wconf 86' lang='grc'>13</span> <span class='ocrx_word' id='word_1_305' title='bbox 610 3041 747 3097; x_wconf 81' lang='lat' dir='ltr'>terribilis</span> <span class='ocrx_word' id='word_1_306' title='bbox 765 3044 787 3097; x_wconf 89' lang='lat' dir='ltr'>I</span> <span class='ocrx_word' id='word_1_307' title='bbox 798 3045 802 3112; x_wconf 99' lang='grc' dir='ltr'>Ι</span> <span class='ocrx_word' id='word_1_308' title='bbox 820 3043 959 3110; x_wconf 90' lang='lat' dir='ltr'>dampnae</span> <span class='ocrx_word' id='word_1_309' title='bbox 978 3041 1005 3095; x_wconf 96' lang='lat' dir='ltr'><strong><em>L</em></strong></span> <span class='ocrx_word' id='word_1_310' title='bbox 1018 3044 1027 3109; x_wconf 99' lang='grc' dir='ltr'>ΙΙ</span> <span class='ocrx_word' id='word_1_311' title='bbox 1042 3044 1077 3094; x_wconf 86' lang='grc'>14</span> 
     </span>
     <span class='ocr_line' id='line_1_33' title="bbox 59 3111 1077 3185; baseline 0 -18"><span class='ocrx_word' id='word_1_312' title='bbox 59 3113 136 3167; x_wconf 90' lang='lat' dir='ltr'>uicto</span> <span class='ocrx_word' id='word_1_313' title='bbox 155 3114 181 3181; x_wconf 91' lang='lat' dir='ltr'>(c</span> <span class='ocrx_word' id='word_1_314' title='bbox 199 3130 260 3183; x_wconf 73' lang='lat' dir='ltr'>serp.</span> <span class='ocrx_word' id='word_1_315' title='bbox 279 3131 345 3170; x_wconf 78' lang='lat' dir='ltr'>cers.</span> <span class='ocrx_word' id='word_1_316' title='bbox 365 3131 398 3169; x_wconf 82' lang='lat' dir='ltr'>m.</span> <span class='ocrx_word' id='word_1_317' title='bbox 418 3116 455 3183; x_wconf 83' lang='lat'>2).</span> <span class='ocrx_word' id='word_1_318' title='bbox 468 3115 503 3169; x_wconf 89' lang='lat' dir='ltr'><strong><em>N</em></strong></span> <span class='ocrx_word' id='word_1_319' title='bbox 518 3117 522 3185; x_wconf 97' lang='grc' dir='ltr'>Ι</span> <span class='ocrx_word' id='word_1_320' title='bbox 542 3113 642 3184; x_wconf 90' lang='lat' dir='ltr'>populi</span> <span class='ocrx_word' id='word_1_321' title='bbox 660 3112 688 3168; x_wconf 95' lang='lat' dir='ltr'><strong><em>L</em></strong></span> <span class='ocrx_word' id='word_1_322' title='bbox 702 3116 707 3183; x_wconf 92' lang='grc' dir='ltr'>Ι</span> <span class='ocrx_word' id='word_1_323' title='bbox 728 3111 778 3167; x_wconf 90' lang='lat' dir='ltr'>ille</span> <span class='ocrx_word' id='word_1_324' title='bbox 797 3130 846 3168; x_wconf 82' lang='lat' dir='ltr'>om.</span> <span class='ocrx_word' id='word_1_325' title='bbox 869 3113 909 3183; x_wconf 77' lang='lat' dir='ltr'>Ol</span> <span class='ocrx_word' id='word_1_326' title='bbox 925 3111 1027 3165; x_wconf 88' lang='lat' dir='ltr'>uberat</span> <span class='ocrx_word' id='word_1_327' title='bbox 1045 3112 1077 3167; x_wconf 81' lang='lat' dir='ltr'>in</span> 
     </span>
     <span class='ocr_line' id='line_1_34' title="bbox 59 3181 1077 3254; baseline -0.002 -16"><span class='ocrx_word' id='word_1_328' title='bbox 59 3183 161 3240; x_wconf 89' lang='lat' dir='ltr'>urebat</span> <span class='ocrx_word' id='word_1_329' title='bbox 178 3190 244 3239; x_wconf 80' lang='lat' dir='ltr'>mat.</span> <span class='ocrx_word' id='word_1_330' title='bbox 264 3185 299 3239; x_wconf 95' lang='lat' dir='ltr'><strong><em>N</em></strong></span> <span class='ocrx_word' id='word_1_331' title='bbox 302 3185 312 3216; x_wconf 85' lang='lat'>²</span> <span class='ocrx_word' id='word_1_332' title='bbox 329 3184 460 3239; x_wconf 86' lang='lat' dir='ltr'>Pudebat</span> <span class='ocrx_word' id='word_1_333' title='bbox 478 3185 527 3254; x_wconf 72' lang='lat' dir='ltr'>th</span> <span class='ocrx_word' id='word_1_334' title='bbox 542 3191 574 3240; x_wconf 83' lang='lat'>15</span> <span class='ocrx_word' id='word_1_335' title='bbox 592 3201 671 3239; x_wconf 88' lang='lat' dir='ltr'>mare</span> <span class='ocrx_word' id='word_1_336' title='bbox 689 3183 818 3240; x_wconf 87' lang='lat' dir='ltr'>ablatum</span> <span class='ocrx_word' id='word_1_337' title='bbox 837 3185 864 3237; x_wconf 85' lang='lat' dir='ltr'><strong><em>A</em></strong></span> <span class='ocrx_word' id='word_1_338' title='bbox 882 3184 892 3252; x_wconf 95' lang='grc' dir='ltr'>ΙΙ</span> <span class='ocrx_word' id='word_1_339' title='bbox 907 3188 940 3237; x_wconf 86' lang='grc'>16</span> <span class='ocrx_word' id='word_1_340' title='bbox 958 3181 997 3237; x_wconf 92' lang='lat' dir='ltr'>in.</span> <span class='ocrx_word' id='word_1_341' title='bbox 1012 3187 1077 3252; x_wconf 79' lang='lat' dir='ltr'>post</span> 
     </span>
     <span class='ocr_line' id='line_1_35' title="bbox 58 3251 1077 3326; baseline -0.005 -16"><span class='ocrx_word' id='word_1_342' title='bbox 58 3255 125 3310; x_wconf 88' lang='lat' dir='ltr'>hinc</span> <span class='ocrx_word' id='word_1_343' title='bbox 143 3256 208 3310; x_wconf 84' lang='lat' dir='ltr'>odd.</span> <span class='ocrx_word' id='word_1_344' title='bbox 228 3255 263 3309; x_wconf 92' lang='lat' dir='ltr'><em>N</em></span> <span class='ocrx_word' id='word_1_345' title='bbox 276 3257 286 3324; x_wconf 97' lang='grc' dir='ltr'>ΙΙ</span> <span class='ocrx_word' id='word_1_346' title='bbox 304 3261 337 3310; x_wconf 79' lang='grc'>17</span> <span class='ocrx_word' id='word_1_347' title='bbox 357 3254 474 3310; x_wconf 85' lang='lat' dir='ltr'>annibal</span> <span class='ocrx_word' id='word_1_348' title='bbox 491 3257 520 3312; x_wconf 77' lang='lat' dir='ltr'><em>A</em></span> <span class='ocrx_word' id='word_1_349' title='bbox 536 3258 541 3326; x_wconf 96' lang='grc' dir='ltr'>Ι</span> <span class='ocrx_word' id='word_1_350' title='bbox 555 3255 646 3326; x_wconf 85' lang='lat' dir='ltr'>patris</span> <span class='ocrx_word' id='word_1_351' title='bbox 664 3255 692 3309; x_wconf 79' lang='lat' dir='ltr'><strong><em>A</em></strong></span> <span class='ocrx_word' id='word_1_352' title='bbox 709 3257 713 3324; x_wconf 94' lang='grc' dir='ltr'>Ι</span> <span class='ocrx_word' id='word_1_353' title='bbox 729 3255 891 3309; x_wconf 82' lang='lat' dir='ltr'>merebatur</span> <span class='ocrx_word' id='word_1_354' title='bbox 909 3253 936 3306; x_wconf 94' lang='lat' dir='ltr'><strong><em>L</em></strong></span> <span class='ocrx_word' id='word_1_355' title='bbox 959 3257 969 3322; x_wconf 95' lang='grc' dir='ltr'>Ι</span> <span class='ocrx_word' id='word_1_356' title='bbox 993 3258 1027 3306; x_wconf 88' lang='lat'>18</span> <span class='ocrx_word' id='word_1_357' title='bbox 1046 3251 1077 3306; x_wconf 91' lang='lat' dir='ltr'>in</span> 
     </span>
     <span class='ocr_line' id='line_1_36' title="bbox 58 3321 1076 3397; baseline 0 -17"><span class='ocrx_word' id='word_1_358' title='bbox 58 3342 146 3382; x_wconf 86' lang='lat' dir='ltr'>causa</span> <span class='ocrx_word' id='word_1_359' title='bbox 167 3325 214 3380; x_wconf 81' lang='lat'>01</span> <span class='ocrx_word' id='word_1_360' title='bbox 233 3327 339 3382; x_wconf 81' lang='lat' dir='ltr'>causa?</span> <span class='ocrx_word' id='word_1_361' title='bbox 364 3329 369 3395; x_wconf 98' lang='grc' dir='ltr'>Ι</span> <span class='ocrx_word' id='word_1_362' title='bbox 393 3326 477 3382; x_wconf 83' lang='lat' dir='ltr'>bellis</span> <span class='ocrx_word' id='word_1_363' title='bbox 496 3328 530 3381; x_wconf 89' lang='lat' dir='ltr'><strong><em>N</em></strong></span> <span class='ocrx_word' id='word_1_364' title='bbox 549 3330 554 3397; x_wconf 95' lang='grc' dir='ltr'>Ι</span> <span class='ocrx_word' id='word_1_365' title='bbox 579 3328 716 3396; x_wconf 75' lang='lat' dir='ltr'>ragrmtus</span> <span class='ocrx_word' id='word_1_366' title='bbox 735 3327 788 3380; x_wconf 91' lang='lat' dir='ltr'>LI</span> <span class='ocrx_word' id='word_1_367' title='bbox 806 3327 840 3392; x_wconf 78' lang='lat' dir='ltr'>ef.</span> <span class='ocrx_word' id='word_1_368' title='bbox 864 3321 1076 3392; x_wconf 72' lang='grc'>8111031501,</span> 
     </span>
     <span class='ocr_line' id='line_1_37' title="bbox 58 3393 1073 3470; baseline -0.007 -16"><span class='ocrx_word' id='word_1_369' title='bbox 58 3399 128 3454; x_wconf 78' lang='lat' dir='ltr'>alibi</span> <span class='ocrx_word' id='word_1_370' title='bbox 143 3399 148 3467; x_wconf 96' lang='grc' dir='ltr'>Ι</span> <span class='ocrx_word' id='word_1_371' title='bbox 165 3396 276 3452; x_wconf 85' lang='lat' dir='ltr'>delecta</span> <span class='ocrx_word' id='word_1_372' title='bbox 290 3398 332 3466; x_wconf 76' lang='grc' dir='ltr'>ΟΙ</span> <span class='ocrx_word' id='word_1_373' title='bbox 349 3398 392 3451; x_wconf 89' lang='lat' dir='ltr'>est</span> <span class='ocrx_word' id='word_1_374' title='bbox 410 3399 505 3470; x_wconf 88' lang='lat' dir='ltr'>uetus]</span> <span class='ocrx_word' id='word_1_375' title='bbox 524 3400 600 3453; x_wconf 87' lang='lat' dir='ltr'>estus</span> <span class='ocrx_word' id='word_1_376' title='bbox 615 3401 657 3467; x_wconf 75' lang='lat' dir='ltr'>(ua</span> <span class='ocrx_word' id='word_1_377' title='bbox 673 3398 722 3453; x_wconf 83' lang='lat' dir='ltr'>del.</span> <span class='ocrx_word' id='word_1_378' title='bbox 737 3414 772 3452; x_wconf 84' lang='lat' dir='ltr'>m.</span> <span class='ocrx_word' id='word_1_379' title='bbox 787 3399 817 3465; x_wconf 84' lang='lat'>2)</span> <span class='ocrx_word' id='word_1_380' title='bbox 832 3395 867 3450; x_wconf 94' lang='lat' dir='ltr'><strong><em>N</em></strong></span> <span class='ocrx_word' id='word_1_381' title='bbox 880 3396 924 3449; x_wconf 86' lang='lat' dir='ltr'>est</span> <span class='ocrx_word' id='word_1_382' title='bbox 942 3393 1022 3449; x_wconf 90' lang='lat' dir='ltr'>uelut</span> <span class='ocrx_word' id='word_1_383' title='bbox 1035 3395 1057 3448; x_wconf 90' lang='lat' dir='ltr'>I</span> <span class='ocrx_word' id='word_1_384' title='bbox 1068 3395 1073 3466; x_wconf 97' lang='grc' dir='ltr'>Ι</span> 
     </span>
     <span class='ocr_line' id='line_1_38' title="bbox 58 3465 1089 3541; baseline -0.004 -19"><span class='ocrx_word' id='word_1_385' title='bbox 58 3467 177 3538; x_wconf 85' lang='lat' dir='ltr'>spaniae</span> <span class='ocrx_word' id='word_1_386' title='bbox 194 3470 216 3522; x_wconf 92' lang='lat' dir='ltr'>I</span> <span class='ocrx_word' id='word_1_387' title='bbox 226 3470 286 3538; x_wconf 73' lang='grc' dir='ltr'>Ι110</span> <span class='ocrx_word' id='word_1_388' title='bbox 303 3468 353 3522; x_wconf 87' lang='lat' dir='ltr'>sed</span> <span class='ocrx_word' id='word_1_389' title='bbox 370 3468 424 3522; x_wconf 90' lang='lat' dir='ltr'>LI</span> <span class='ocrx_word' id='word_1_390' title='bbox 434 3473 439 3538; x_wconf 95' lang='grc' dir='ltr'>Ι</span> <span class='ocrx_word' id='word_1_391' title='bbox 455 3469 659 3523; x_wconf 89' lang='lat' dir='ltr'>monimentum</span> <span class='ocrx_word' id='word_1_392' title='bbox 675 3469 703 3524; x_wconf 89' lang='lat' dir='ltr'><em>B</em></span> <span class='ocrx_word' id='word_1_393' title='bbox 718 3467 907 3541; x_wconf 65' lang='lat' dir='ltr'>[libertatem</span> <span class='ocrx_word' id='word_1_394' title='bbox 920 3468 983 3536; x_wconf 66' lang='lat' dir='ltr'>ttat</span> <span class='ocrx_word' id='word_1_395' title='bbox 998 3465 1089 3535; x_wconf 68' lang='lat' dir='ltr'>partit</span> 
     </span>
     <span class='ocr_line' id='line_1_39' title="bbox 58 3538 688 3608; baseline 0.002 -13"><span class='ocrx_word' id='word_1_396' title='bbox 58 3543 90 3595; x_wconf 78' lang='lat' dir='ltr'>ia</span> <span class='ocrx_word' id='word_1_397' title='bbox 107 3540 256 3608; x_wconf 77' lang='lat' dir='ltr'>foramine)</span> <span class='ocrx_word' id='word_1_398' title='bbox 267 3539 299 3592; x_wconf 87' lang='lat' dir='ltr'><em>B</em></span> <span class='ocrx_word' id='word_1_399' title='bbox 313 3538 448 3595; x_wconf 86' lang='lat' dir='ltr'>libertate</span> <span class='ocrx_word' id='word_1_400' title='bbox 466 3540 491 3597; x_wconf 81' lang='lat'><strong><em>0</em></strong></span> <span class='ocrx_word' id='word_1_401' title='bbox 686 3577 688 3583; x_wconf 89' lang='lat'><em>·</em></span> 
     </span>
    </p>
   </div>
   <div class='ocr_carea' id='block_1_9' title="bbox 854 3629 890 3687">
    <p class='ocr_par' dir='ltr' id='par_1_12' title="bbox 854 3629 890 3687">
     <span class='ocr_line' id='line_1_40' title="bbox 854 3629 890 3687; baseline 0 -26"><span class='ocrx_word' id='word_1_402' title='bbox 854 3629 890 3687; x_wconf 47' lang='grc' dir='ltr'>ν</span> 
     </span>
    </p>
   </div>
   <div class='ocr_carea' id='block_1_10' title="bbox 0 0 1222 3826">
    <p class='ocr_par' dir='ltr' id='par_1_13' title="bbox 0 0 1222 3826">
     <span class='ocr_line' id='line_1_41' title="bbox 0 0 1222 3826; baseline 0 2"><span class='ocrx_word' id='word_1_403' title='bbox 0 0 1222 3826; x_wconf 95' lang='lat' dir='ltr'> </span> 
     </span>
    </p>
   </div>
  </div>
 </body>
</html>
