2436 3826
151 196 267 250 XXXVI
461 199 661 251 PRAEFATIO
681 201 850 252 EDITORIS

150 367 277 424 cellarois
295 359 346 447 (O)
370 369 400 425 11
418 364 643 426 Κασουελλανόν
668 367 716 426 vel
735 365 929 427 Κασόλαυνον
948 368 1163 428 historicorum

153 453 335 514 Graecorum
360 454 568 514 Oosuellrrarwm
591 456 812 516 restituendum
834 456 968 534 videtur,
995 457 1054 515 nisi
1084 457 1163 517 forte

151 543 241 603 Floro
268 545 365 603 forma
395 543 561 604 Gardellaca
591 545 715 620 placuit.
766 545 894 622 deniqne
922 567 950 622 p.
979 549 1100 622 172,4
1131 546 1165 606 id

152 633 233 709 quod
259 633 393 707 proxime
423 634 461 692 ad
490 632 543 693 Bc
571 634 686 692 accedit
713 632 870 693 Cornidius
898 635 1035 711 quamvis
1062 636 1163 695 titulis

151 740 211 778 non
234 721 443 782 confirmatum
465 741 576 799 ponere
594 723 690 781 malui
710 742 801 799 quam
821 723 977 793 0111111111,
1002 723 1163 794 Comidius,

154 809 317 869 Considiae.

218 900 409 959 Recensionis
433 901 527 976 igitur
550 899 572 958 O
596 903 750 959 auctorem
774 919 842 959 cum
866 901 1043 960 eruditionis
1066 903 1162 978 copiis

151 989 344 1064 pauperculis
367 989 406 1047 ad
429 989 646 1065 corrumpenda
668 990 790 1048 nomina
810 990 933 1066 propria
951 990 1079 1049 abusum
1098 1009 1164 1051 esse

151 1076 211 1134 iam
236 1079 365 1152 constet,
393 1096 479 1135 nemo
507 1077 668 1136 mirabitur
694 1078 720 1136 si
749 1078 841 1137 etiam
865 1079 933 1137 aliis
956 1079 988 1136 in
1010 1080 1100 1138 rebus
1124 1081 1165 1140 si·

150 1165 264 1223 militer
285 1169 460 1241 peccantem
483 1162 774 1242 deprehenderimus.
810 1167 893 1226 haud
914 1186 982 1226 raro
1007 1169 1086 1226 enim
1109 1169 1166 1227 ubi

36 1265 62 1305 rn
86 1277 138 1306 ro·
151 1252 180 1310 A
195 1257 355 1330 argenteae
375 1254 535 1314 latinitatis
554 1255 801 1314 consuetudinem
820 1255 964 1332 sequitur,
984 1275 1002 1314 a
1017 1255 1166 1317 Cverba

75 1331 100 1360 ω
153 1343 196 1400 ad
210 1343 322 1402 Donati
341 1344 507 1403 aliorumve
524 1344 842 1421 grammaticorum
856 1345 956 1422 leges
970 1346 1165 1406 immutata

151 1435 235 1507 sunt,
262 1433 348 1492 velut
370 1452 398 1507 p.
419 1434 454 1510 5,
476 1436 514 1492 17
539 1451 632 1492 corusca
654 1436 724 1492 ante
746 1434 888 1492 homiaem
911 1435 1075 1493 articulum
1098 1454 1164 1495 esse

152 1521 293 1596 opinatus
312 1522 391 1580 male
411 1514 560 1600 abiecit¹).
589 1522 697 1582 deinde
716 1540 808 1599 supra
830 1523 962 1583 vidimus
985 1523 1013 1581 ei
1035 1524 1163 1601 inscrip-

151 1610 265 1670 tionem
295 1612 399 1670 bellom
427 1613 583 1670 adeersum
609 1614 700 1670 socios
723 1603 941 1692 (p.122,11)
964 1612 1165 1690 displicuisse,

151 1700 231 1758 unde
254 1701 411 1760 enuntiato
434 1701 563 1762 relativo
591 1701 714 1760 inducto
743 1703 774 1759 et
795 1701 907 1758 rariore
930 1702 1165 1777 praepositionis

151 1789 248 1848 forma
271 1790 447 1849 oblitterata
470 1790 579 1848 effecit:
613 1791 717 1849 7111111
739 1791 816 1862 qood
837 1791 980 1848 adversus
1001 1793 1093 1849 socios
1113 1809 1164 1865 pc-

150 1882 228 1936 stcrm
260 1882 307 1937 cst
354 1882 384 1951 5,
411 1881 428 1938 6
462 1879 586 1955 ignarus
618 1897 691 1938 usus
723 1879 907 1953 pronominis
939 1880 988 1936 illc
1015 1880 1067 1955 qui
1093 1885 1167 1956 post

152 1966 296 2025 Senecam
327 1966 424 2024 filium
457 1966 509 2024 din
542 1967 674 2026 obtinuit
707 1969 769 2026 cius
800 1986 854 2043 pro
886 1968 968 2026 illics
999 1968 1101 2042 posuit
1132 1974 1166 2030 et

154 2056 181 2126 7,
210 2057 250 2114 13
285 2055 448 2115 severiores
480 2056 694 2131 grammaticae
727 2056 809 2132 leges
842 2059 963 2115 secutus
990 2059 1077 2130 prior
1107 2077 1164 2134 pro

146 2145 245 2217 prior,
269 2162 337 2202 oum
360 2143 398 2201 ad
416 2142 544 2201 Remum
566 2144 756 2202 referendmn
779 2145 826 2203 sit.
866 2147 915 2222 13,
937 2148 1162 2224 1911129,8

152 2234 180 2290 A
208 2235 239 2290 et
267 2232 309 2308 B,
337 2249 406 2289 cum
434 2231 540 2290 Florus
572 2234 676 2308 poetas
705 2235 825 2292 secutus
852 2235 967 2292 nudum
996 2235 1166 2294 ablativum

152 2320 211 2379 loci
233 2321 315 2379 haud
337 2339 406 2379 raro
428 2323 535 2397 ponat,
562 2320 650 2380 Latio
674 2324 706 2380 et
734 2323 921 2394 rapidissimo
944 2323 1017 2395 freto
1040 2323 1164 2402 habent,

153 2410 263 2485 quibus
282 2408 304 2468 C
323 2409 576 2485 praepositionem
593 2412 626 2468 ia
643 2411 826 2486 praeposuit
857 2414 884 2488 5,
903 2415 937 2488 7,
962 2415 1017 2488 15,
1037 2415 1165 2491 29,16,

153 2501 205 2574 48,
227 2501 280 2574 16,
307 2500 454 2577 128,17,
480 2500 551 2576 132,
573 2503 605 2574 7,
630 2501 774 2576 143,14,
796 2500 868 2558 alibi
886 2502 1014 2560 rariores
1033 2502 1082 2561 vel
1100 2501 1165 2562 illis

152 2588 226 2646 locis
249 2587 423 2662 aptissimae
450 2589 564 2647 formae
587 2589 767 2657 condiaconi,
789 2591 921 2659 11111111,
949 2582 1059 2671 111112)
1083 2592 1164 2650 (11111-

153 2720 263 2775 codices
281 2723 403 2802 theoperci
415 2721 534 2802 ¹habent.
569 2720 644 2774 redit
662 2724 758 2776 111111
771 2739 872 2804 nomen
886 2722 912 2776 V
927 2729 950 2791 1,
965 2728 990 2792 5,
1010 2723 1060 2776 ubi
1077 2725 1165 2780 rheto-

151 2792 932 2945 wml>esidelcnkissdrid’lrddddedddquzdoalidezaffaddodeddco
951 2864 1163 2920 multitudinem

152 2934 297 2989 hominum
315 2952 365 2988 um
384 2935 490 2989 homini
508 2951 620 3004 oppom.
650 2938 681 2989 11
699 2935 768 3003 qu1d
787 2935 865 2989 aliud
884 2938 927 2990 est
940 2935 1061 3004 populus
1077 2955 1163 3005 quam

152 3007 298 3061 multitudo
315 3005 475 3061 hominum?
492 3005 578 3075 paulo
598 3023 683 3075 supra
701 3006 789 3076 igitur
806 3005 904 3060 Florus
922 3009 1026 3062 acius
1041 3011 1164 3077 populi

152 3076 272 3131 Romani
291 3078 374 3131 rebus
393 3076 479 3146 gestis
498 3076 609 3146 generis
628 3077 744 3130 humani
762 3077 839 3131 facta
858 3077 994 3132 contineri
1013 3078 1097 3147 dixit,
1116 3079 1164 3134 hic

153 3148 272 3202 eundem
287 3165 351 3202 cum
364 3166 429 3203 cao
447 3150 575 3203 homine
594 3150 745 3217 comparat.
760 3180 795 3188 -
810 3151 933 3202 ceterum
947 3148 1037 3204 altera
1051 3167 1163 3219 quoque

152 3218 288 3273 historiae
311 3218 455 3288 Apollonii
480 3220 554 3289 regis
573 3219 640 3289 Tyri
664 3219 787 3274 recensio
811 3220 847 3273 ab
872 3220 962 3275 altera
985 3237 1019 3275 11
1042 3222 1163 3277 maxime

153 3306 183 3343 re
202 3289 296 3345 differt
314 3291 390 3358 quod
412 3289 495 3344 huius
514 3307 602 3360 genus
627 3289 740 3345 dicendi
758 3290 874 3361 vulgare
892 3291 923 3345 in
940 3291 992 3347 illa
1011 3293 1048 3347 ad
1070 3310 1164 3363 gram-

152 3361 274 3416 maticae
292 3362 369 3432 leges
390 3364 545 3416 correctum
563 3364 613 3415 est.

225 3435 252 3501 2)
269 3433 343 3487 hanc
357 3433 477 3487 formam
490 3432 566 3501 apud
580 3435 731 3502 argenteae
744 3432 895 3487 latinitatis
910 3433 1059 3504 scriptores
1074 3435 1166 3490 altera

138 3500 368 3568 frequentiorem
391 3520 454 3558 esse
477 3502 572 3558 sciunt
598 3503 647 3572 qui
670 3504 837 3559 Senecamm
859 3504 966 3560 Lucam
993 3505 1165 3562 Columellas

124 3567 255 3627 alienam
274 3574 370 3631 libros
387 3575 535 3648 legerunt.
