2436 3826
137 175 200 240 168
496 177 606 228 rnoar
623 175 784 227 armona

100 355 116 403 '1
135 342 171 402 ad
198 342 255 402 hoc
279 341 397 420 ignibus
421 343 506 401 iactis
530 342 566 401 ad
588 339 745 401 arbitrium
768 341 957 420 dissipavere.
1004 359 1058 401 nec
1082 340 1143 401 ulla

134 449 167 491 re
199 433 293 509 magis
324 430 477 491 hostilium
509 432 660 508 copiarum
693 432 828 508 apparuit
854 431 1024 508 magnitudo
1053 449 1143 508 quam

133 527 202 600 post
224 521 385 580 notoriam.
408 517 531 598 'quippe
555 521 707 579 inmensae
732 517 836 578 classis
858 518 1043 597 naufragium
1062 519 1141 579 bello

134 609 245 669 factum
271 615 333 669 toto
360 610 435 667 mari
463 607 609 688 fluitabat,
636 606 824 686 Arabumque
852 614 881 667 et
904 606 1084 667 Sabaeorum
1112 616 1143 668 et

134 697 214 758 mille
237 697 324 757 Asiae
347 699 479 775 gentium
503 696 597 775 spolia
614 714 746 775 purpura
765 714 895 774 auroque
915 695 999 756 inlita
1018 696 1141 757 adsidue
1171 709 1186 750 a

99 794 213 848 amota
240 788 336 846 ventis
364 787 456 845 maria
483 784 683 845 revomebant.
728 787 825 864 prima
848 785 906 845 dur
930 785 1015 863 fugae
1039 788 1143 863 regina

135 893 202 935 cum
226 892 315 935 aurea
338 892 437 953 puppe
460 873 585 951 veloque
608 892 758 952 purpureo
781 875 813 933 in
836 873 927 934 altum
946 873 1035 934 dedit.
1072 892 1142 934 mox

99 969 255 1024 esecutus
289 963 446 1041 Antonius3
480 961 532 1022 sed
564 964 674 1022 instare
706 963 839 1040 vestigiis
872 961 987 1023 Caesar.
1041 965 1142 1041 itaque

134 1069 189 1111 nec
221 1057 395 1130 praeparata
427 1052 458 1108 in
486 1048 635 1110 Oceanum
667 1050 735 1128 fuga
768 1068 823 1111 nec
855 1053 969 1110 munita
995 1052 1142 1129 praesidis

135 1146 260 1217 utraque
298 1139 421 1217 Aegypti
458 1156 584 1219 cornua,
620 1137 826 1198 Paraetonium
863 1146 951 1218 atque
983 1139 1142 1220 Pelusium,
1159 1153 1187 1192 10

133 1229 288 1309 profuere:
310 1246 403 1307 prope
426 1245 516 1288 manu
534 1226 718 1288 tenebantur.
756 1230 839 1306 prior
858 1228 970 1288 ferrum
990 1231 1143 1308 occupavit

134 1319 293 1397 Antonius,
325 1318 427 1395 regina
460 1316 496 1377 ad
527 1316 619 1396 pedes
647 1315 782 1377 Caesaris
809 1316 962 1395 provoluta
989 1319 1144 1396 temptavit
1189 1318 1194 1347 ¹

136 1406 236 1467 oculos
273 1405 365 1467 ducis.
421 1406 531 1465 frustra
568 1405 700 1486 quidem;
737 1424 805 1466 nam
840 1405 1029 1484 pulchritudo
1065 1406 1143 1466 infra

83 1508 115 1557 10
134 1496 307 1575 pudicitiam
334 1496 479 1574 principis
507 1495 570 1555 fuit.
616 1512 672 1554 nec
699 1493 749 1555 illa
776 1495 812 1554 de
838 1496 911 1574 vita,
939 1514 1014 1573 quae
1038 1495 1143 1555 offere-

134 1584 230 1665 batm‚
255 1584 307 1644 sed
331 1584 367 1644 de
390 1590 475 1663 parte
497 1585 582 1662 regni
606 1582 763 1643 laborabat..
803 1583 881 1662 quod
905 1582 956 1643 ubi
975 1583 1185 1663 desperavit15

136 1692 153 1733 a
171 1675 307 1753 principe
327 1674 497 1751 servarique
516 1690 548 1732 se
562 1672 712 1752 triumpho
726 1672 808 1752 vidit,
826 1674 1020 1733 incautiorem
1035 1681 1142 1733 nancta

135 1762 300 1822 custodiam
313 1764 345 1822 in
359 1761 542 1822 mausoleum
557 1780 588 1821 se
599 1794 641 1802 —
652 1760 807 1840 sepulchra
817 1779 920 1838 regum
931 1764 974 1821 sic
983 1768 1089 1821 vocant
1098 1795 1140 1802 -

83 1863 114 1910 11
134 1853 256 1930 recepit.
293 1850 336 1911 ibi
358 1853 510 1931 maximos,
535 1857 567 1910 ut
591 1849 711 1929 solebat,
735 1848 836 1910 induta
858 1849 955 1910 cultus
973 1853 1004 1909 in
1023 1850 1141 1910 differto

135 1939 275 1999 odoribus
308 1938 381 1999 solio
415 1941 496 1998 iuxta
524 1957 611 1999 suum
638 1957 671 1998 se
699 1937 861 1998 conlocavit
887 1938 1059 2019 Antonium,
1092 1938 1141 1998 ad-

204 2110 225 2163 Ι
236 2114 249 2161 1
265 2108 348 2163 iactis
361 2108 500 2179 dissipare
514 2111 573 2178 (orn.
585 2107 621 2162 ad
632 2108 788 2180 arbitrium)
794 2117 905 2179 praeter
914 2109 992 2180 ipare
1002 2113 1034 2164 ia
1042 2127 1143 2164 rasura

133 2180 161 2233 Β
174 2182 213 2248 112
232 2195 276 2233 res
294 2181 322 2234 Β
339 2181 349 2248 11
367 2185 383 2232 3
401 2179 529 2234 inmensa
548 2180 581 2233 N
594 2178 732 2234 immensa
749 2181 776 2234 L
792 2182 796 2251 1
811 2180 960 2251 naufragio
978 2180 1048 2235 belli
1065 2180 1142 2235 iacto

135 2249 183 2316 01
200 2255 218 2302 4
236 2249 308 2303 mari
325 2249 436 2304 ferebat
455 2250 495 2317 01
510 2249 659 2304 fluitabat·
679 2250 759 2318 (ebat
775 2258 840 2306 m.1
860 2254 892 2306 in
905 2270 1006 2307 rasura
1023 2254 1143 2307 duarum

134 2321 287 2375 litterarum
305 2327 330 2376 et
348 2323 379 2375 ira
397 2322 529 2391 margine)
543 2321 571 2374 Β
586 2324 591 2388 1
608 2320 848 2391 abatarabumque
867 2324 948 2392 (abet
961 2326 1077 2393 masam)
1092 2325 1120 2378 Β
1134 2325 1143 2395 11

134 2395 150 2444 5
170 2389 290 2444 aliarum
304 2399 367 2460 post
384 2390 462 2446 mille
480 2393 544 2446 add.
560 2390 584 2446 0
602 2392 607 2459 1
632 2390 764 2460 asiaeque
782 2395 846 2462 (que
864 2396 981 2463 erasum)
999 2394 1028 2446 Β
1047 2394 1052 2465 1
1073 2393 1141 2447 Pur-

132 2478 232 2531 puram
251 2462 278 2514 L
298 2467 302 2530 1
323 2478 475 2531 aurumque
494 2460 524 2515 in
541 2460 633 2531 ripam
653 2462 697 2534 01
718 2462 830 2536 assidue
850 2465 876 2518 L
896 2467 905 2534 11
924 2472 939 2518 6
958 2464 1143 2519 remouebant

133 2535 165 2587 rin
186 2533 369 2588 revomebant
390 2536 506 2589 mutavit
528 2533 562 2586 N
566 2534 575 2565 ¹
593 2535 776 2588 remouebant
793 2537 821 2590 Β
827 2536 854 2588 L
878 2540 883 2604 1
907 2535 998 2605 prima
1021 2535 1071 2588 diu
1088 2536 1115 2588 L
1136 2537 1139 2607 1

133 2603 248 2676 reginae
267 2606 288 2659 Ι
303 2607 313 2675 11
335 2611 349 2659 7
368 2621 505 2675 purpureo
523 2604 551 2658 A
568 2621 706 2675 purpureo
725 2607 766 2660 B¹
784 2609 793 2676 1
813 2611 829 2659 8
849 2608 959 2660 secutus
979 2608 1005 2675 (c
1023 2614 1143 2662 correcta

133 2693 167 2731 ex
185 2679 233 2746 qu)
252 2677 278 2729 Β
298 2679 431 2744 sequutus
450 2676 477 2730 L
494 2677 504 2744 11
523 2684 538 2728 9
557 2678 659 2745 parata
672 2677 699 2729 L
714 2679 719 2746 1
733 2676 884 2746 praesidiis
903 2679 1010 2746 (ultima
1028 2676 1039 2730 i
1056 2695 1143 2747 supra

132 2764 239 2803 oeream
256 2765 289 2802 ra.
305 2750 332 2817 1)
351 2748 385 2801 Ν
398 2745 528 2818 presidiis
544 2748 572 2801 Β
590 2746 738 2816 praesidiis
753 2749 808 2803 LI
816 2750 826 2817 11
841 2754 874 2801 10
893 2747 983 2820 egipti
997 2749 1024 2801 L
1040 2755 1043 2817 1
1059 2765 1141 2818 para-

133 2818 261 2872 thonium
283 2818 371 2888 01111
391 2836 506 2873 manum
524 2819 558 2872 N
569 2817 574 2890 1
589 2817 710 2888 primum
723 2821 745 2872 I
756 2823 760 2890 1
776 2819 994 2890 praeoccupamt
1012 2821 1143 2874 Iordanis

133 2891 191 2944 cod.
206 2890 293 2945 Lawr.
308 2891 317 2960 11
340 2895 372 2943 13
392 2890 503 2944 occulos
521 2889 548 2942 L
568 2892 572 2958 1
593 2888 707 2957 quidem
724 2908 774 2945 om.
792 2890 831 2945 01
847 2890 1027 2960 pulchritudo
1046 2890 1066 2960 (i
1084 2909 1142 2946 cor·

133 2967 207 3016 recta
229 2979 262 3016 erc
285 2963 312 3030 a)
331 2962 359 3015 Β
381 2959 560 3031 pulchritudo
583 2962 625 3028 (tu
647 2978 733 3030 supra
754 2978 860 3016 aarum
879 2980 913 3016 m.
929 2964 956 3031 1)
971 2963 1004 3015 N
1025 2967 1029 3030 1
1055 2961 1142 3016 intra:

133 3048 202 3087 corr.
217 3050 258 3103 eq.
273 3033 307 3099 cf.
320 3051 349 3101 p.
364 3038 439 3100 11,4
461 3035 471 3101 11
495 3039 528 3085 14
550 3030 770 3100 pulcritudinem
791 3031 926 3102 principis
944 3034 972 3087 Β
997 3034 1002 3102 1
1026 3033 1143 3101 uitaque

133 3103 161 3156 Β
177 3106 181 3173 1
198 3102 378 3157 auferebatur
391 3104 413 3157 I
425 3104 435 3171 11
454 3109 488 3156 16
507 3101 652 3172 aprincipe
666 3101 834 3172 desperarit.
849 3104 876 3157 L
891 3107 895 3173 1
912 3106 955 3158 set
971 3106 994 3173 (1
1007 3105 1144 3174 expwroeit
1168 3150 1170 3155 ,

133 3191 167 3228 m.
181 3176 210 3243 2)
225 3175 259 3228 N
275 3177 279 3243 1
300 3173 368 3242 quid
388 3175 416 3228 et
433 3175 461 3228 Β
480 3171 613 3243 cognouit
626 3175 648 3228 I
663 3172 668 3244 1
687 3173 1142 3245 nactacustodiam(om.100r-

134 3251 208 3300 recta
226 3262 259 3299 ex
278 3246 304 3313 e)
319 3247 348 3299 Β
364 3246 450 3299 nacta
469 3242 627 3298 custodiam
640 3245 667 3297 L
680 3247 689 3314 11
704 3250 736 3299 ti
756 3244 912 3300 masoleum
931 3248 959 3315 (u
973 3249 1046 3301 iuter
1060 3263 1077 3300 a
1090 3253 1142 3301 ets

133 3331 193 3385 sup.
212 3333 278 3372 vers.
292 3334 326 3371 m.
343 3319 369 3385 1)
387 3317 415 3370 Β
433 3314 609 3369 mausuleum
626 3317 648 3370 I
663 3319 668 3386 1
684 3331 718 3370 ‘se
737 3332 786 3371 em.
802 3316 828 3369 L
849 3317 853 3386 1
874 3333 903 3372 se
921 3334 1019 3388 regum
1037 3316 1144 3386 recepit

133 3405 246 3486 reliquia
264 3406 369 3460 omissis
387 3407 409 3458 I
426 3408 430 3475 1
452 3420 512 3459 sese
530 3387 630 3473 pulcra
647 3405 675 3458 B
695 3407 700 3472 1
720 3421 814 3475 regem
833 3407 861 3460 Β
881 3410 885 3476 1
906 3405 947 3459 sic
964 3423 1014 3461 orn.
1033 3409 1061 3462 Β
1081 3409 1091 3476 11
1110 3411 1143 3461 18

134 3475 235 3544 rec1pit
256 3475 315 3530 Βο
336 3479 340 3544 1
365 3475 461 3544 ibique
479 3478 500 3529 I
521 3478 525 3544 1
551 3477 653 3530 referto
671 3477 699 3531 A
720 3479 730 3546 11
756 3483 788 3530 19
812 3476 944 3532 odoribus
963 3479 1144 3546 (posteriore

119 3560 154 3597 m.
174 3553 197 3599 J
212 3553 336 3603 correcta
355 3565 391 3604 aa
409 3549 435 3620 e)
453 3547 483 3604 B
504 3549 508 3620 1
529 3545 684 3604 collocarit
702 3548 723 3604 0
