2436 3826
495 209 606 260 FLORI
623 210 783 261 EPITOMA

363 427 398 489 ll.
422 426 568 488 SEDITIO
591 427 717 488 TIBERI
739 427 910 488 GRACCHI.

25 581 74 649 111,
90 566 131 629 14
199 571 328 631 Primam
364 574 559 633 certaminum
599 572 694 631 facem
730 572 773 631 Ti.
807 569 957 631 Gracchus
999 569 1143 649 accendit,

99 673 243 738 ugenere
279 660 373 721 forma
405 660 574 739 eloquentia
604 660 689 720 facile
721 662 870 739 princeps,
921 666 967 719 set
998 658 1047 718 hic
1080 661 1143 718 sive

133 748 333 809 Mancinianae
357 749 525 831 deditionis,
550 752 618 828 quia
642 767 768 828 sponsor
790 748 920 809 foederis
944 749 1049 826 luerat,
1073 765 1143 807 con-

98 841 246 916 stagium
277 840 386 898 timens
419 846 448 899 et
479 839 549 899 inde
581 837 746 919 popularis,
784 839 845 897 sire
878 855 971 916 aequo
1004 843 1033 896 et
1065 835 1143 896 bono
1170 852 1182 891 s

134 926 254 1006 ductus,
283 929 351 1005 quia
379 927 531 1006 depulsam
559 929 637 1007 agris
665 929 727 987 suis
754 926 873 1006 plebem
899 928 1059 986 miseratus
1088 931 1144 1005 est,

134 1033 171 1074 ne
198 1014 325 1093 populus
352 1018 486 1094 gentium
513 1018 607 1076 victor
630 1016 770 1094 orbisque
794 1033 951 1094 possessor
973 1013 1085 1075 laribus
1109 1033 1143 1074 ac

133 1103 207 1163 focis
231 1106 293 1164 suis
313 1103 454 1185 exularet,
478 1123 662 1184 quacumque
681 1112 780 1165 mente
799 1123 864 1164 rem
883 1123 972 1164 ausus
992 1106 1144 1182 ingentem

97 1199 289 1271 spostquam
320 1195 481 1272 rogationis
510 1195 573 1255 dies
597 1194 711 1275 aderat,
739 1195 852 1272 ingenti
876 1195 1002 1272 stipatus
1026 1194 1143 1271 agmine

132 1287 229 1341 rostra
252 1283 433 1364 conscendit,
457 1301 512 1343 nec
536 1283 637 1343 deerat
661 1282 746 1342 obvia
768 1301 857 1343 manu
881 1288 941 1342 tota
964 1282 1033 1342 inde
1058 1281 1142 1342 nobi·
1158 1297 1181 1336 10

98 1382 114 1430 5
133 1369 213 1451 litas3
234 1377 263 1430 et
280 1371 395 1431 tribuni
413 1375 445 1432 in
462 1372 605 1451 partibus.
639 1379 684 1432 set
702 1371 754 1432 ubi
773 1371 1007 1432 intercedentem
1026 1370 1143 1449 legibus

133 1461 196 1520 suis
220 1459 250 1520 C.
272 1459 426 1521 Octavium
448 1461 528 1521 ridet
552 1460 714 1542 GracchuS,
749 1468 850 1521 contra
874 1461 918 1520 las
941 1460 1081 1540 collegii,
1095 1462 1143 1521 ius

132 1552 288 1627 potestatis
311 1552 419 1610 iniecta
442 1568 530 1610 manu
555 1550 667 1629 depulit
690 1552 809 1630 rostris,
835 1549 967 1628 adeoque
991 1553 1143 1628 praesenti

133 1645 215 1698 metu
237 1641 342 1699 mortis
364 1642 509 1700 exterruit
527 1647 560 1700 ut
578 1639 715 1699 abdicare
735 1657 766 1698 se
785 1641 958 1717 magistratu
977 1645 1142 1718 cogeretur.

98 1740 113 1787 6
134 1728 176 1786 sic
202 1730 339 1789 triumvir
362 1737 478 1789 creatus
502 1728 668 1789 dividendis
692 1730 771 1806 agris
794 1746 862 1788 cum
885 1727 921 1787 ad
944 1728 1181 1806 perpetrandas

133 1826 236 1894 coepta
273 1817 321 1877 dic
359 1820 547 1878 comitiorum
578 1819 733 1896 prorogari
765 1816 823 1876 sibi
853 1815 942 1876 vellet
974 1819 1143 1896 imperium,

134 1903 217 1965 obvia
240 1905 378 1966 nobilitas
402 1925 490 1967 manu
514 1925 626 1987 eorum,
651 1925 724 1986 quos
748 1906 827 1985 agris
850 1914 988 1965 moverat.
1036 1905 1143 1966 caedes

99 2004 113 2052 7
133 2012 149 2052 a
172 1993 236 2053 loro
256 1997 365 2075 coepit;
390 1996 458 2055 inde
478 2014 546 2055 cum
565 1997 596 2055 in
616 1994 791 2074 Capitolium
811 1994 992 2073 profugisset
1011 1994 1142 2073 plebem·

133 2100 190 2159 quc
227 2082 263 2142 ad
301 2083 504 2144 defensionem
537 2083 641 2144 salutis
674 2103 743 2144 suae
776 2102 865 2144 manu
897 2090 985 2162 caput
1016 2091 1142 2161 tangens

132 2169 315 2250 hortaretur,
351 2171 488 2249 praebuit
525 2174 654 2251 speciem
691 2190 816 2251 regnum
853 2171 910 2232 sibi
944 2179 974 2233 et
1006 2172 1141 2232 diadema
1156 2186 1181 2226 20

132 2261 283 2336 poscentis
316 2266 403 2337 atque
436 2262 476 2320 ita
509 2260 583 2321 dirce
612 2260 750 2339 Scipione
778 2260 897 2342 Nasica,
929 2263 1076 2322 concitato
1110 2264 1143 2321 in

133 2365 213 2407 arma
236 2347 345 2426 populo
369 2351 454 2427 quasi
478 2351 542 2409 iure
568 2367 729 2428 oppressus
753 2356 806 2409 est.

203 2523 217 2571 1
238 2531 359 2574 summo
378 2535 427 2574 rm
446 2522 477 2575 lu
495 2538 596 2576 rasura
614 2521 648 2575 N
652 2522 661 2552 ¹
677 2524 681 2590 Ι
698 2535 845 2576 unacum:
864 2522 898 2576 N
912 2524 922 2590 ΙΙ
943 2527 958 2573 2
977 2537 1076 2591 pacem
1090 2522 1118 2575 Β
1138 2521 1141 2589 l

131 2587 172 2643 Ti.
193 2590 256 2645 add.
275 2608 316 2661 aq.
339 2593 342 2659 Ι
365 2592 517 2662 gracchum
535 2593 628 2661 (chum
646 2610 732 2661 supra
750 2609 855 2648 uersum
873 2609 907 2646 uc.
922 2594 949 2661 1)
968 2593 996 2646 Β
1017 2593 1027 2661 ΙΙ
1050 2597 1066 2644 3
1086 2592 1142 2647 Sed

131 2660 158 2714 L
174 2660 178 2732 Ι
195 2659 255 2715 siue
274 2663 297 2731 (s
312 2671 432 2719 correcta
445 2681 478 2718 eu
492 2666 520 2733 n)
536 2664 562 2717 L
575 2666 585 2732 ΙΙ
599 2671 615 2718 4
630 2663 777 2718 seditionis
792 2665 820 2718 B
836 2667 840 2734 Ι
857 2679 914 2730 qua
927 2664 955 2716 Β
971 2668 974 2729 Ι
990 2662 1141 2732 phoederis

131 2732 159 2785 Β
172 2733 182 2801 ΙΙ
196 2736 212 2785 6
228 2734 273 2787 ,et
287 2740 350 2788 aute
364 2735 465 2790 ductus
484 2737 548 2790 add.
563 2736 591 2789 L
608 2738 617 2804 [1
637 2740 651 2788 7
670 2752 705 2790 ne
718 2735 839 2806 populus
854 2766 888 2774 -
903 2733 1031 2789 exularet
1044 2735 1142 2789 deleuit

132 2804 267 2859 Gruterus
292 2809 295 2873 Ι
320 2822 400 2860 nemo
425 2824 488 2861 cum
509 2806 636 2877 gentium
654 2807 688 2860 N
709 2807 713 2879 Ι
736 2823 881 2877 possessor
904 2807 996 2875 (tertia
1019 2822 1032 2858 s
1055 2822 1141 2874 supro

130 2891 235 2930 uersum
253 2882 356 2945 etpost
374 2895 432 2932 earu
451 2883 468 2933 3
486 2880 528 2932 ael
546 2883 563 2932 4
583 2879 688 2933 litterae
705 2880 815 2947 deletae)
830 2878 864 2931 N
876 2881 880 2944 Ι
896 2875 1000 2930 acfocis
1015 2879 1042 2945 (c
1055 2893 1142 2944 supra

129 2963 236 3001 uersuta
254 2965 287 3003 u.
303 2951 329 3018 1)
349 2951 376 3003 B
390 2951 399 3019 ΙΙ
414 2957 429 3004 8
444 2949 584 3004 excolaret
602 2950 636 3003 N
649 2951 658 3018 ΙΙ
679 2954 695 3000 9
715 2948 765 3002 sed
783 2956 846 3003 aute
864 2951 1014 3018 postquam
1034 2949 1099 3002 add.
1114 2948 1142 3001 Β

131 3018 347 3088 est.postquam
360 3021 493 3075 Halmius
508 3024 512 3087 Ι
529 3020 664 3074 ederatB
680 3023 684 3089 Ι
701 3019 809 3093 (hinc)
824 3019 955 3090 ingenti?
968 3018 1077 3072 aemine
1092 3019 1119 3071 B
1132 3019 1142 3089 {l

132 3094 165 3143 10
179 3088 256 3143 indie
270 3090 297 3144 L
310 3092 319 3160 ΙΙ
335 3096 366 3143 11
383 3091 437 3146 Sed
451 3092 511 3146 BL
524 3094 534 3160 ΙΙ
551 3099 582 3145 12
598 3090 649 3144 ·C·
666 3090 845 3144 octauiumB
859 3090 1023 3161 goetauium
1037 3092 1067 3160 (g
1081 3107 1140 3158 cap.

130 3177 164 3214 aa.
179 3163 209 3230 2)
224 3162 258 3215 N
269 3160 299 3216 G.
315 3162 458 3216 octauium
472 3163 508 3231 L,
526 3162 651 3216 Marcum
664 3163 805 3231 appellaui
819 3162 969 3232 Applauus
988 3163 1011 3217 b.
1026 3178 1048 3216 c.
1063 3162 1085 3214 Ι
1093 3167 1141 3226 12,

130 3230 300 3287 Plutarchus
322 3234 350 3288 T.
372 3234 420 3289 Gr.
436 3239 486 3302 10,
508 3235 587 3289 Ia'aa‘a'
601 3251 658 3303 per.
679 3237 728 3301 68,
749 3233 901 3303 Obsequcus
920 3237 955 3288 70
976 3235 980 3300 Ι
1000 3230 1068 3285 iuris
1088 3233 1115 3285 Β
1134 3234 1143 3299 tl

132 3306 165 3354 13
180 3301 285 3357 infecta
294 3304 328 3357 N
339 3307 348 3374 ΙΙ
363 3310 396 3357 14
411 3305 543 3359 abdicare
558 3305 586 3374 (b
600 3322 660 3375 sup.
670 3307 747 3374 aeus.)
757 3305 784 3357 L
796 3306 806 3373 ΙΙ
823 3309 854 3357 15
870 3305 900 3358 at
913 3306 937 3373 (t
950 3306 982 3358 a'u
996 3303 1143 3372 ducatuta)

129 3388 267 3442 perperna
286 3379 368 3446 cepta
387 3378 415 3431 Β
432 3378 442 3446 ΙΙ
461 3382 493 3430 17
513 3375 651 3431 nobilium
669 3391 754 3428 manu
774 3391 923 3443 eorumque
942 3376 969 3428 Β
985 3378 989 3445 Ι
1006 3376 1143 3441 moverat,

131 3443 228 3499 cedere
242 3446 302 3500 foro
318 3449 369 3515 (acl
382 3464 399 3500 a
413 3447 483 3517 foro)
499 3449 593 3518 coegit
602 3447 734 3502 Halmius
747 3449 757 3515 ΙΙ
775 3451 806 3499 19
817 3447 909 3515 adque
923 3447 953 3515 (d
962 3448 1144 3501 iutuutaait

127 3531 162 3594 aa,
176 3518 210 3584 2)
224 3517 261 3570 N
265 3519 279 3587 i}
293 3523 324 3571 21
346 3518 509 3589 scipionena
531 3519 571 3573 sic
590 3517 749 3572 aconcitato
768 3520 800 3572 iu
818 3517 942 3587 scipione
960 3516 1058 3572 nasica
1077 3533 1142 3570 con-

113 3585 207 3639 auto
224 3591 351 3646 eoaueaa't
367 3591 398 3647 B
406 3591 415 3624 ¹
