2436 3826
467 197 577 250 FLORI
594 198 754 249 ΕΡΙΤΟΜΑ

0 397 92 482 11114
368 399 425 459 XV.
458 399 606 460 BELLVM
628 396 850 458 MVTINENSE.

172 541 270 602 Prima
303 542 432 602 civilium
464 549 599 602 motuum
627 560 715 601 eausa
742 546 951 601 testamentum
979 538 1114 599 Caesaris

107 630 175 711 luit,
204 633 288 691 cuius
312 631 460 692 secundus
482 631 570 691 heres
593 631 737 691 Antonius
759 629 922 708 praelatum
946 628 1003 688 sibi
1028 626 1115 688 Octa-

107 722 187 780 vium
219 720 320 780 furens
353 720 530 799 inexpiabile
559 727 661 780 contra
689 719 876 797 adoptionem
904 719 1042 778 acerrimi
1070 719 1115 777 iu-

73 811 191 870 cvenis
220 817 391 887 susceperat
417 809 536 870 bellurn.
583 811 691 887 quippe
715 826 781 868 oum
805 810 884 866 intra
907 813 1040 866 octavum
1064 805 1115 865 de·
1143 814 1156 854 ⁵

108 900 218 957 cimum
259 916 368 957 annum
410 904 546 958 tenerum
587 903 617 956 et
654 896 813 956 obnoxium
851 903 880 956 et
917 902 1116 974 opportunum

108 987 235 1046 iniuriae
258 988 394 1046 iuvenem
417 986 545 1066 videret,
574 987 638 1064 ipse
662 985 765 1064 plenae
789 1004 825 1044 ex
849 983 1021 1045 commilitio
1045 982 1116 1043 Cae-

110 1076 185 1134 saris
209 1074 361 1152 dignitatis
380 1074 509 1134 laoerare
529 1075 616 1134 furtis
634 1074 838 1154 hereditatem,
861 1076 959 1152 ipsum
977 1074 1118 1132 insectari

108 1161 234 1242 probris,
257 1166 372 1223 cunctis
392 1162 504 1224 artibus
524 1165 741 1241 cooptationem
754 1161 844 1222 luliae
861 1165 957 1240 gentis
971 1161 1117 1241 inhibere,

74 1252 238 1330 adenique
262 1251 297 1311 ad
322 1253 549 1331 opprimendum
572 1255 709 1312 iuvenem
731 1251 827 1330 palam
850 1270 930 1311 arma
953 1250 1064 1330 moliri,
1087 1256 1158 1309 et1⁰

109 1343 167 1400 iam
185 1347 287 1419 parato
306 1344 440 1402 exercitu
458 1343 489 1401 in
507 1341 654 1420 Cisalpina
669 1339 761 1400 Gallia
779 1343 968 1400 resistentem
986 1339 1117 1398 motibus

74 1442 91 1490 4
110 1431 172 1490 suis
186 1428 340 1490 Decimum
353 1430 478 1491 Brutum
492 1430 636 1490 obsidere.
661 1436 691 1490 at
704 1428 842 1489 Octavius
857 1428 964 1489 Caesar
978 1435 1008 1488 et
1018 1434 1116 1488 ‘aetate

85 1525 140 1578 ·et
166 1520 275 1578 iniuria
298 1518 476 1600 favorabilis,
509 1526 540 1580 et
561 1521 690 1579 nominis
714 1520 865 1578 maiestate
890 1517 968 1595 quod
992 1516 1049 1577 sibi
1072 1519 1117 1575 in-

110 1607 215 1689 duerat
250 1611 394 1669 revocatis
432 1608 467 1668 ad
502 1626 582 1669 arma
614 1609 776 1687 veteranis,
811 1610 942 1685 privatus
975 1639 1017 1648 —
1051 1607 1117 1683 qnis

110 1693 267 1756 crederet?
282 1730 324 1738 —
339 1697 492 1758 consulem
505 1697 685 1778 adgreditur,
700 1694 853 1755 obsidione
868 1695 997 1755 Mutinae
1011 1693 1119 1754 liberat
1133 1701 1158 1742 1⁵

76 1797 91 1845 5
111 1785 245 1865 Brutum,
264 1786 423 1846 Antonium
443 1789 525 1847 exuit
543 1788 656 1846 castris.
693 1792 764 1845 tunc
784 1784 902 1862 quidem
923 1785 1010 1843 etiam
1030 1801 1119 1843 manu

112 1873 236 1953 pulcher
268 1878 410 1953 appamit.
461 1893 529 1935 nam
562 1881 702 1935 cruentus
733 1880 763 1933 et
795 1875 912 1933 saucius
944 1871 1072 1950 aquilam
1102 1890 1118 1931 a

110 1965 255 2022 moriente
276 1964 417 2041 signifero
436 1958 574 2024 traditam
594 1965 656 2023 suis
672 1964 786 2023 umeris
806 1963 837 2021 in
852 1968 947 2022 castra
961 1961 1117 2021 referebat.

366 2175 437 2236 XVl.
469 2173 618 2236 BELLVM
640 2174 859 2234 PERVSINVM.

5 2333 65 2397 1111,
80 2313 101 2377 5
176 2315 308 2375 Alterum
326 2314 436 2376 bellum
456 2318 614 2377 concitavit
631 2334 769 2395 agrorum
784 2316 899 2396 divisio,
918 2316 997 2394 quod
1012 2315 1120 2376 Caesar
1133 2325 1159 2365 2⁰

77 2419 92 2466 2
111 2407 259 2466 veteranis
278 2407 372 2484 patris
391 2406 521 2484 pretinm
540 2405 662 2465 militiae
681 2404 875 2484 persolvebat.
913 2423 1031 2484 semper
1049 2404 1119 2464 alias

183 2581 199 2628 3
223 2574 278 2629 sibi
297 2575 443 2630 antonium
461 2577 487 2630 L
505 2579 514 2646 ΙΙ
534 2581 549 2629 5
569 2575 665 2630 decem
683 2577 712 2630 et
731 2577 793 2630 octo
813 2592 900 2630 annos
921 2574 945 2631 0
959 2578 968 2644 Ι
987 2580 1002 2628 6
1022 2575 1051 2627 et
1069 2574 1117 2626 ob-

110 2645 224 2700 noxium
247 2648 296 2702 del.
317 2648 461 2717 Hauptius
480 2648 521 2719 [ot
539 2647 757 2719 opportunum?
777 2648 781 2718 Ι
806 2648 974 2716 oportunum
991 2644 1049 2700 ΒΟ
1068 2646 1078 2714 ΙΙ
1102 2651 1116 2697 7

111 2716 221 2772 uideret
239 2719 262 2788 (t
280 2720 343 2774 odd.
357 2737 391 2774 m.
407 2721 433 2789 1)
452 2720 480 2773 Β
497 2721 500 2788 Ι
516 2717 554 2772 tis
571 2717 673 2788 plenae
692 2720 715 2788 (t
733 2721 822 2789 crosa)
840 2719 868 2772 Β
887 2734 949 2772 ·se·
968 2717 1050 2787 plene
1065 2716 1091 2785 L
1113 2715 1115 2787 Ι

110 2789 309 2844 excommilitio
329 2792 354 2860 (e
372 2807 431 2861 sup.
446 2792 524 2860 cere.)
539 2790 566 2843 L
583 2792 592 2860 ΙΙ
610 2794 626 2842 8
642 2789 790 2860 dignitatis
805 2791 939 2859 (ultimam
952 2787 963 2841 i
976 2791 1008 2843 in
1022 2805 1037 2841 e
1052 2793 1117 2842 mut.

110 2879 144 2915 m.
159 2863 189 2930 2)
204 2862 238 2914 N
250 2865 254 2931 Ι
269 2861 407 2915 laceraret
420 2863 455 2916 N
466 2865 470 2923 l
486 2860 542 2915 uiri
559 2860 640 2915 fortis
658 2862 686 2915 Β
704 2860 784 2914 fortis
803 2863 830 2931 (ο
848 2862 880 2914 in
898 2878 917 2912 u
934 2863 1011 2929 mut.)
1028 2859 1055 2912 L
1071 2861 1075 2927 Ι
1091 2859 1120 2911 et

109 2931 242 2986 heredem
264 2933 293 2986 et
315 2940 378 2986 ante
401 2931 587 2986 hereditatem
610 2933 673 2987 odd.
688 2933 715 2985 B
737 2934 747 3001 Ι
769 2939 785 2986 9
806 2930 902 3000 probis
921 2930 948 2983 L
967 2934 971 3000 Ι
993 2930 1118 2984 artibus.

110 3002 397 3072 OumadoptionemL
412 3006 416 3074 Ι
433 3003 526 3074 gentis
541 3002 562 3073 (i
576 3020 643 3059 corr.
653 3020 687 3058 ex
699 3019 714 3056 e
724 3021 757 3057 m.
770 3003 796 3071 1)
805 3004 832 3055 B
847 3004 856 3072 ΙΙ
871 3007 904 3055 10
913 3018 970 3055 non
979 3001 1120 3054 desineret

111 3081 174 3129 ante
193 3073 313 3142 denique
331 3076 395 3130 add.
413 3074 453 3142 ΟΙ
469 3075 505 3128 ad
520 3073 732 3144 opprimendum
746 3076 775 3142 (u
789 3091 856 3128 corr.
872 3091 906 3128 coc
920 3089 935 3126 e
949 3091 983 3127 m.
998 3076 1025 3142 1)
1040 3075 1068 3127 B
1083 3070 1120 3124 ad

111 3145 328 3215 depremendum
341 3146 374 3199 N
389 3145 603 3215 adprimendum
619 3145 646 3198 L
658 3147 668 3214 ΙΙ
683 3150 715 3198 11
734 3143 903 3213 incisalpino
921 3144 947 3213 (c
965 3160 1034 3198 corr.
1049 3161 1083 3197 ex
1100 3160 1119 3211 p

110 3234 144 3271 m.
156 3218 182 3286 1)
197 3217 224 3270 Β
238 3219 247 3286 ΙΙ
262 3223 294 3270 12
310 3216 449 3271 decimum
463 3219 497 3287 (1.
508 3235 537 3270 m
551 3234 611 3285 exp.
621 3234 655 3271 m.
665 3218 693 3285 2)
708 3216 742 3269 N
754 3220 758 3282 Ι
774 3215 918 3269 obsiderat
928 3217 956 3270 Β
971 3213 1121 3268 obsidebat

114 3287 147 3342 0.-
161 3305 228 3343 corr.
239 3289 358 3343 Iolmius
372 3287 534 3342 obsidebat.
544 3289 575 3342 at
588 3289 639 3355 (cel
652 3289 724 3356 cum)
739 3287 870 3342 Halmius
886 3291 890 3355 Ι
906 3288 935 3340 et
949 3292 1011 3340 ante
1026 3287 1119 3338 aetate

111 3375 160 3413 om.
179 3359 221 3429 ΟΙΙ
235 3364 268 3412 13
287 3359 453 3413 laborabilis
467 3360 495 3413 B
511 3360 515 3427 Ι
530 3359 688 3428 magestate
701 3357 730 3410 B
747 3359 756 3427 ΙΙ
779 3362 811 3410 15
830 3357 942 3426 eredere
956 3357 983 3410 Β
1000 3357 1004 3429 Ι
1021 3372 1119 3427 aggre-

112 3429 187 3483 ditur
200 3429 227 3482 L
242 3433 247 3500 Ι
263 3429 373 3484 obsidio
394 3430 433 3501 ΟΙ
449 3429 555 3484 munite
570 3430 596 3484 L
609 3431 619 3499 ΙΙ
633 3435 666 3484 16
680 3431 741 3482 tum
756 3430 799 3498 ΟΙΙ
814 3434 847 3482 17
862 3427 1007 3482 oboriente
1020 3430 1048 3483 Β
1062 3431 1071 3495 ΙΙ
1087 3431 1120 3477 18

102 3499 232 3553 humeris
246 3502 306 3555 BL
324 3503 338 3572 ΙΙ
360 3508 394 3557 20
413 3517 544 3574 agrorum
562 3502 589 3570 (ο
607 3507 727 3556 correcto
745 3517 778 3556 ex
796 3503 823 3570 a)
842 3500 869 3553 L
892 3502 896 3567 Ι
920 3515 990 3568 quos
1012 3499 1035 3553 0
1053 3500 1063 3567 Ι
1086 3502 1117 3549 21

90 3570 241 3625 ueteremb
257 3571 289 3627 in
310 3573 416 3631 eastris
438 3575 463 3633 0
473 3577 480 3650 Ι
497 3573 626 3631 soluerat
645 3573 667 3630 0
