2436 3826
118 206 160 262 VI
431 206 635 258 PRAEFATIO
654 204 825 256 EDlTORIS

125 378 191 435 tam
214 375 312 434 labem
334 375 396 433 iam
414 374 446 430 in
464 373 550 431 libris
568 391 660 431 manu
679 371 798 446 scriptis
818 371 953 430 addendo
973 371 1139 433 omittendo

123 465 272 523 mutando
295 452 505 539 interpolando
528 461 663 520 traxerit.
705 463 770 518 arte
795 462 897 519 autem
920 461 1140 538 typographica

124 554 250 614 inventa
282 553 439 611 calamitas
472 551 564 609 etiam
596 553 687 608 aucta
718 552 772 608 est.
819 567 888 608 cum
919 550 998 608 enim
1030 550 1056 608 is
1086 552 1140 627 qui

124 642 288 701 editionem
315 640 481 716 principem
503 639 627 698 Parisiis
656 657 733 697 anno
760 638 823 697 fere
850 636 1061 698 MGCGOLXX
1088 658 1139 699 cu-

123 731 204 790 ravit
227 730 359 789 codicem
383 732 418 786 ut
441 727 477 787 fit
504 728 651 804 pessimae
674 730 765 786 notae
789 728 887 804 operis
910 727 1138 788 describendum

122 811 340 899 tradidisset¹),
364 817 474 879 aviris
497 817 624 876 eruditis
648 818 701 894 qui
723 819 793 893 post
816 836 885 876 eum
903 817 992 876 Floro
1017 837 1138 892 operam

123 911 275 968 natarunt
297 925 396 983 pauca
419 907 579 965 emendata
601 907 698 965 multo
719 907 809 982 plura
829 905 916 966 novis
933 906 1016 964 vitiis
1036 906 1137 965 detur·

123 1000 204 1077 pata
229 998 313 1072 sunt,
346 996 441 1055 donec
475 994 627 1055 duumviri
659 993 803 1053 Glaudius
837 994 1014 1072 SalmasiuS,
1052 992 1138 1055 cuius

123 1087 325 1159 costipcto'oocs
347 1083 441 1143 Ianus
460 1083 609 1143 Gruterus
628 1083 743 1161 publici
761 1084 837 1142 iuris
855 1082 936 1160 fecit,
961 1087 991 1142 et
1009 1083 1137 1144 Ioannes

123 1173 346 1232 Freinshemius
383 1173 587 1233 recensionem
624 1175 715 1250 atque
752 1172 991 1231 emendationem
1027 1174 1138 1232 mirum

122 1265 272 1339 quantum
299 1257 521 1338 promoverunt.
572 1260 622 1319 hic
651 1261 730 1320 enim
758 1260 880 1338 egregia
906 1261 1051 1320 historiae
1078 1263 1138 1322 Ro-

122 1370 230 1411 manae
254 1353 286 1411 ct
303 1350 427 1428 linguae
446 1349 573 1409 Latinae
597 1350 767 1428 cognitione
791 1349 925 1408 imbutus
948 1351 1038 1426 plura
1061 1352 1138 1412 vitia

122 1439 249 1499 sustulit
276 1458 368 1516 quam
396 1439 557 1516 quisquam
587 1442 657 1498 ante
681 1457 763 1516 eum,
790 1439 842 1497 ille
865 1457 925 1497 non
949 1440 1047 1498 solum
1069 1460 1137 1517 per-

122 1531 225 1607 specta
252 1529 363 1588 codicis
386 1528 547 1588 Nazariani
570 1527 720 1606 bonitate,
751 1528 803 1587 sed
827 1526 919 1586 etiam
943 1528 1068 1587 alterius
1090 1549 1137 1588 re·

121 1619 270 1678 censionis
293 1617 431 1695 vestigiis
455 1617 536 1694 apud
553 1615 713 1677 Iordanem
732 1616 858 1676 detectis
877 1617 1010 1676 firmiora
1029 1617 1136 1678 funda·

120 1711 223 1767 menta
259 1707 331 1766 iecit
373 1707 483 1785 quibus
522 1706 692 1780 emendatio
728 1706 916 1765 inniteretur.
972 1724 1047 1782 quos
1085 1707 1138 1785 qui

121 1797 276 1856 subsecuti
311 1799 382 1856 sunt
413 1796 472 1858 viri
505 1796 617 1855 eruditi
643 1795 755 1856 Batavi
787 1798 817 1854 et
846 1792 987 1852 Germani
1016 1799 1138 1870 praeter

120 1884 144 1943 Ι.
179 1884 213 1946 G.
244 1884 417 1962 Graevium,
450 1885 503 1961 qui
533 1885 649 1960 primus
680 1885 805 1945 Florum
836 1883 933 1960 magis
965 1883 1139 1944 rhetoribus

120 1992 214 2051 quam
236 1973 388 2032 historicis
412 1973 630 2032 accensendum
654 1991 718 2032 esse
742 1973 888 2049 ostendit,
915 1991 1013 2050 neque
1035 1991 1136 2031 recen-

121 2062 213 2121 sendo
236 2080 334 2139 neque
358 2061 535 2137 explicando
558 2062 692 2120 multum
716 2062 943 2136 praestiterunt.
988 2062 1138 2140 regnabat

120 2150 217 2228 igitur
249 2151 279 2208 et
311 2150 398 2208 anxie
431 2149 609 2209 servabatur
639 2150 672 2208 in
703 2149 760 2208 hoc
788 2169 908 2226 quoque
941 2150 1136 2227 antiquitatis

119 2240 315 2297 monumento
339 2238 466 2316 vulgata
493 2239 547 2296 illa
575 2256 652 2316 quae
681 2237 838 2297 dicebatur
864 2238 953 2298 lectio
977 2257 1073 2316 usque
1097 2240 1136 2298 ad

121 2325 154 2386 G.
177 2327 376 2405 Lachmanni,
404 2327 584 2387 immortalis
607 2327 678 2404 viri,
708 2328 847 2386 aetatem.
893 2326 919 2385 is
944 2327 1022 2385 enim
1045 2328 1135 2388 Floro

119 2435 181 2475 non
204 2419 326 2475 tantum
346 2415 413 2476 viae
438 2416 617 2476 strationis
641 2434 701 2494 qua
724 2418 841 2475 veteres
864 2415 1024 2491 scriptores
1047 2417 1135 2491 edens

81 2531 85 2540 ·
120 2504 175 2564 dos
208 2523 272 2564 esse
303 2505 449 2565 docuerat
480 2506 615 2582 exemplo
645 2505 775 2584 profuit,
808 2505 860 2564 sed
887 2505 1003 2564 sciebat
1029 2505 1061 2564 in
1090 2507 1135 2568 bi-.

120 2593 274 2653 bliotheca
300 2593 529 2672 Bambergensi,
562 2614 640 2672 quae
668 2598 741 2654 tuno
769 2612 838 2653 cnm
865 2594 994 2654 maxime
1021 2595 1136 2654 Iaeckii

120 2681 269 2742 laudabili
300 2701 391 2760 opera
417 2683 553 2744 virorum
581 2684 737 2744 doctorum
770 2683 879 2743 studiis
910 2684 1133 2760 recludebatur,

120 2771 255 2831 codicem
283 2772 404 2844 ,servari
440 2773 526 2832 cuius
564 2792 619 2850 ope
651 2774 759 2833 Florus
791 2773 951 2850 insigniter
982 2773 1135 2833 emendari

119 3027 150 3066 se
174 3010 241 3066 stilo
263 3009 395 3065 Floriano
419 3010 590 3080 descriptam
609 3013 727 3068 Floram
752 3013 945 3068 Germanicam
968 3013 1132 3082 appellavit.

119 3081 170 3150 qui
197 3082 272 3137 liber
299 3081 451 3151 septimum
472 3082 602 3137 Dantisoi
629 3101 703 3138 anno
726 3083 931 3138 MDGXXXXII
953 3101 1066 3139 recusus
1090 3087 1134 3139 est

118 3155 149 3207 et
180 3153 372 3222 quinquennio
404 3155 469 3223 post
497 3153 662 3209 Germanice
688 3171 785 3209 versus
813 3157 926 3208 etcum
949 3154 1133 3224 inscriptione

118 3224 304 3348 {ripeoccotcr
324 3226 466 3281 Teotschcr
484 3226 588 3282 Floras
601 3225 805 3280 Amstelodami
825 3227 901 3294 apud
918 3226 948 3280 L.
962 3226 1134 3281 Elzevirium

118 3311 135 3350 e
180 3312 221 3350 us.

192 3369 217 3435 t)
242 3367 349 3436 pariter
376 3383 446 3421 cum
464 3371 612 3437 poetarum
630 3368 801 3422 nostratium
821 3369 928 3438 ‘opera’
953 3369 1030 3438 typis
1054 3386 1133 3438 repe-

117 3439 257 3506 terentur,
283 3437 405 3506 pessima
428 3441 457 3494 et
479 3439 674 3495 recentissimt
697 3456 826 3509 quaeque
850 3438 1022 3509 exemplaria
1046 3443 1132 3509 atque

117 3507 189 3563 adeo
209 3524 251 3577 ea,
270 3509 373 3577 quibus
391 3527 409 3564 a
422 3509 571 3580 plagiariis
586 3510 750 3580 turpissima
763 3511 867 3566 menda
880 3512 1015 3580 adspersa
1029 3514 1132 3581 essent,

116 3578 205 3650 prelis
224 3579 332 3634 tradita
351 3597 411 3637 esse
430 3583 549 3638 constat.
