2436 3826
444 175 469 243 Ι,
490 180 531 230 rs.
552 181 594 231 19.
614 181 648 230 ao
667 177 716 245 (Π,
736 179 824 246 a-a).
1097 177 1142 240 49

128 357 186 418 que
215 339 357 400 cotidiani
384 347 414 400 et
441 343 527 419 quasi
550 341 706 403 domestici
727 343 830 403 hostes
852 344 990 403 tirocinia
1013 343 1140 404 militum

127 427 304 508 inbuebant‚
341 443 399 489 nec·
434 429 520 489 aliter
555 436 682 509 utraque
715 438 802 509 gente
836 449 924 509 quam
958 433 1042 509 quasi
1075 440 1140 492 cote

128 515 255 594 quadam
287 516 414 596 populus
442 517 592 578 Romanus
622 519 734 579 ferrum
763 537 834 578 suae
861 520 980 580 virtutis
1008 519 1139 580 acuebat.

195 603 319 683 Liguras
352 607 421 666 imis
449 605 565 685 Alpium
597 609 675 685 iugis
708 607 894 668 adhaerentis
926 610 1005 668 inter
1030 608 1176 668 Varum4

98 701 160 753 aet
181 693 310 772 Magram
337 693 448 753 llumen
475 694 686 774 inplicitosque
710 696 807 755 dumis
831 695 1017 756 silvestribus
1044 699 1138 756 maior

127 782 278 860 aliquanto
301 781 385 841 labor
408 789 472 843 erat
494 785 628 843 invenire
653 802 741 862 quam
763 787 891 844 ducere.
932 787 989 844 tuti
1012 784 1085 845 locis
1109 792 1139 844 et

126 871 210 950 fuga,
238 869 346 930 durum
375 874 471 949 atque'
490 871 574 931 velox
602 889 710 953 genus,
738 891 773 931 ex
803 875 958 932 occasione
986 872 1140 933 latrocinia

126 961 221 1037 magis
251 977 339 1037 quam
362 958 440 1019 bella
463 959 617 1020 iaciebant.
664 962 763 1039 itaque
788 979 855 1020 cum
879 961 929 1021 diu
954 960 1138 1040 multumque
1159 974 1175 1022 5

127 1046 283 1107 eluderent
324 1047 436 1107 Saluvii
476 1047 612 1108 Deciates
649 1047 757 1108 Oxubii
794 1048 972 1124 Euburiates
1008 1049 1140 1130 Ingauni,

84 1150 113 1191 10
126 1135 247 1195 tandem
265 1134 386 1195 Fulvius
410 1136 536 1196 latebras
561 1155 664 1197 eorum
682 1137 801 1215 ignibus
821 1140 941 1217 saepsit,
963 1137 1089 1198 Baebius
1108 1140 1140 1197 in

126 1224 215 1303 plana
242 1224 377 1304 deduxit,
405 1224 574 1285 Postumius
601 1227 641 1285 ita
670 1228 830 1286 exarmavit
858 1229 960 1285 utrix
985 1226 1140 1304 reliquerit

126 1313 240 1372 serrum
264 1331 322 1391 quo
346 1320 426 1372 terra
450 1313 605 1374 coleretur.

408 1578 468 1638 xx.
500 1577 650 1638 BELLVM
673 1577 868 1638 GALLICVM.

194 1718 290 1799 Gallis
304 1718 479 1779 Insubribus
504 1727 534 1779 et
556 1720 604 1779 his
624 1719 731 1780 accolis
751 1719 869 1799 Alpium
889 1722 979 1779 animi
999 1720 1218 1802 ierarum‚11,⁴⁴

85 1823 113 1862 15
127 1825 254 1886 corpora
285 1807 352 1886 plus
385 1826 473 1886 quam
504 1807 632 1868 humana
664 1816 761 1888 erant,
794 1808 845 1868 sed
870 1842 911 1894 .-
937 1811 1139 1887 experimento

197 2014 248 2066 Ι1
273 2011 410 2067 cotidiani
433 2015 461 2075 (a
484 2020 604 2068 correcta
625 2029 659 2068 ex
681 2013 715 2083 ti)
739 2014 765 2067 L
791 2016 794 2081 )
820 2012 957 2066 terocinia
980 2013 1001 2081 (i
1018 2030 1140 2081 supine

125 2101 160 2138 m.
176 2087 206 2152 2)
221 2083 255 2136 N
264 2085 273 2151 ss
288 2088 303 2136 2
323 2083 473 2137 inbuerant
487 2085 514 2136 B
530 2085 534 2152 1
551 2101 637 2152 quam
655 2085 679 2137 si
693 2086 755 2138 cote
769 2085 797 2136 B
811 2083 893 2152 quasi
907 2086 969 2138 cote
984 2086 1140 2154 (virgulam,

126 2171 196 2225 qaae
222 2172 252 2207 m
279 2156 431 2224 siguificat,
462 2171 549 2224 sopra
576 2172 593 2208 a
617 2172 676 2224 pos.
705 2173 739 2210 ra.
764 2158 791 2223 1)
814 2156 848 2209 Ν
876 2172 961 2223 quam
989 2154 1076 2209 sicote
1100 2156 1138 2211 L:

126 2243 195 2280 corr.
219 2242 260 2295 op.
284 2226 293 2292 ll
316 2229 332 2277 3
355 2225 477 2293 quedam
498 2227 524 2294 (e
542 2227 575 2279 ia
593 2242 610 2278 a
628 2228 796 2281 mutabitur.
816 2228 843 2293 1)
863 2226 896 2279 N
915 2228 924 2294 ΙΙ
946 2231 963 2278 4
986 2241 1053 2278 nam
1076 2234 1140 2281 ante

126 2295 232 2365 ligures
256 2297 319 2351 add.
338 2297 360 2349 I
381 2299 385 2365 Ι
409 2295 514 2365 Ligura
538 2295 616 2350 simis
640 2299 770 2366 (conexit
791 2314 825 2350 ra.
846 2299 873 2366 1)
891 2297 919 2350 Β
938 2296 1054 2366 Ligures
1075 2296 1138 2350 imis

128 2383 271 2453 Oligures
294 2384 324 2437 hi
346 2383 411 2436 imis
429 2386 451 2438 I
472 2387 476 2454 )
502 2370 644 2440 adirentis
666 2383 805 2453 (spiritum
824 2385 888 2439 add.
907 2402 941 2439 m.
961 2387 988 2454 1)
1006 2384 1035 2438 Β
1053 2385 1138 2439 adhe-

126 2457 219 2509 rentes
240 2454 264 2510 G
280 2455 464 2509 adhaerentes
483 2457 520 2518 Ι)
536 2471 635 2509 uarum
653 2471 835 2524 magramque
855 2471 965 2509 amnem
987 2457 1008 2509 I
1017 2458 1027 2522 ΙΙ
1045 2461 1061 2508 5
1080 2473 1139 2510 ma-

127 2526 223 2580 chram
233 2526 260 2578 L
275 2533 279 2592 )
295 2525 501 2595 inplacitosquo
512 2526 539 2579 L
551 2525 704 2595 implicitos
719 2529 740 2580 Ι
752 2530 756 2592 Ι
773 2526 839 2578 dum
853 2525 897 2578 his
907 2527 935 2578 B
948 2527 950 2596 )
963 2525 1138 2580 siluestribus

126 2595 300 2650 dictitabant
317 2612 387 2665 quos
405 2613 477 2666 pene
495 2597 587 2650 maius
605 2596 660 2650 fuit
678 2596 839 2650 inuenireI
857 2598 866 2665 )Ι
890 2601 906 2648 6
925 2612 981 2663 qua
1001 2599 1033 2650 ia
1054 2613 1140 2664 quam

125 2669 244 2722 mactavit
257 2667 291 2720 N
297 2667 305 2697 ¹
324 2683 400 2736 quan
413 2668 440 2720 L
456 2670 460 2736 Ι
476 2667 603 2721 uinceret
616 2667 659 2720 uti
673 2670 806 2736 (priorem
819 2666 832 2718 t
846 2668 982 2734 expunxit
994 2682 1028 2719 m.
1046 2669 1072 2734 1)
1087 2667 1121 2720 N
1133 2668 1136 2737 )

125 2737 170 2790 uli
184 2738 212 2789 B
228 2739 232 2805 Ι
249 2737 273 2790 si
292 2737 406 2806 quidem
420 2745 483 2793 uate
497 2738 567 2793 locis
582 2738 644 2792 add.
660 2739 681 2791 I
693 2739 696 2806 l
714 2737 806 2805 adque
820 2737 887 2790 BN
895 2737 905 2804 Ι)
919 2739 935 2788 8
949 2735 1095 2790 iaciebant
1109 2739 1138 2804 (n

125 2825 214 2876 supra
231 2825 337 2863 uersam
354 2812 427 2863 iuter
445 2810 625 2876 scribendam)
643 2808 671 2861 B
690 2807 815 2861 faciebat
831 2807 855 2862 0
864 2808 873 2875 Ι)
888 2812 903 2859 9
922 2805 1019 2859 ludere
1034 2807 1062 2860 B
1081 2806 1139 2860 elu-

126 2878 207 2931 deret
225 2878 259 2931 N
273 2879 399 2934 eluderet
417 2880 444 2932 L
464 2883 468 2947 )
489 2879 563 2933 salui
581 2879 609 2933 B
628 2878 717 2932 saltus
738 2876 762 2932 0
777 2876 853 2930 saltu
870 2875 925 2930 uiis
944 2879 982 2945 Ι)
1003 2877 1138 2931 decilates

124 2949 154 3003 A
174 2947 283 3003 deciate
302 2951 328 3003 L
348 2949 468 3017 l'exuuii
487 2953 514 3004 B
538 2949 658 3004 oxubile.
678 2950 712 3002 N
732 2947 868 3003 soxubile.
887 2949 914 3001 L
933 2947 1029 3001 oxuuii
1047 2949 1069 3001 I
1085 2949 1089 3014 l
1110 2949 1139 3001 et

113 3018 289 3074 buriatesB
303 3020 431 3074 buriates
440 3021 475 3074 N
484 3020 638 3074 buriantes.
648 3020 675 3073 L
684 3019 809 3073 buriates
819 3020 841 3072 I
852 3023 856 3086 Ι
872 3017 1002 3089 ingauni]
1012 3017 1138 3088 incogni-

124 3091 185 3143 tam
194 3093 225 3145 a'a
235 3090 393 3162 incognitas
403 3094 521 3146 mutauit
529 3092 564 3145 N
568 3090 760 3160 incognitasL
773 3091 782 3158 Ι)
797 3094 830 3145 10
841 3097 905 3158 post
918 3089 1024 3143 fuluius
1037 3106 1139 3144 rasura

125 3168 256 3232 qaudam
269 3165 377 3217 circiter
391 3164 545 3217 litterarum
558 3163 592 3216 N
603 3165 607 3230 Ι
624 3160 684 3231 igni
698 3161 735 3227 A,
748 3167 778 3215 at
791 3178 815 3216 o.
829 3162 907 3226 122,
921 3165 971 3228 12;
989 3162 1024 3214 ΙΙ
1035 3165 1078 3226 13,
1087 3164 1124 3213 88
1128 3181 1139 3227 ;

125 3255 205 3317 21,6
231 3253 235 3316 1
260 3265 327 3303 uero
346 3255 410 3319 post
433 3249 536 3304 Bebius
560 3251 624 3304 add.
643 3251 664 3303 I
682 3251 690 3316 Ι)
715 3255 744 3301 11
771 3247 883 3301 diduxit
900 3249 934 3302 N
954 3253 958 3315 1
980 3231 1139 3318 postbmius

126 3321 267 3389 (spiritam
290 3322 353 3375 add.
378 3338 411 3374 m.
432 3323 459 3389 1)
479 3322 507 3373 Β
529 3322 538 3390 Ι)
562 3325 596 3373 14
615 3319 716 3390 Gallis]
739 3318 808 3372 Post
825 3336 895 3387 quos
914 3336 979 3373 mox
997 3318 1075 3388 galli.
1095 3320 1117 3371 I
1133 3319 1136 3389 )

125 3390 289 3444 insubribus
308 3390 363 3460 (bri
381 3398 446 3446 ante
464 3390 509 3444 bri
527 3394 643 3460 erasum)
661 3391 696 3443 N
708 3393 712 3458 Ι
729 3388 836 3458 alpium
853 3389 952 3443 incolis
971 3392 1011 3459 ΙΙ)
1027 3397 1058 3444 15
1079 3405 1136 3442 eor-

126 3477 196 3531 pora
218 3479 305 3531 supra
327 3479 433 3516 uersam
456 3463 519 3516 add.
539 3462 567 3515 B
592 3464 596 3531 Ι
622 3461 671 3515 sed
695 3460 887 3532 experimento
909 3463 957 3516 bis
978 3462 1095 3529 scripsit
1109 3459 1165 3531 u,

124 3534 171 3587 sed
184 3535 270 3600 prius
286 3534 385 3587 delecti
399 3533 437 3587 N
439 3533 449 3563 ²
462 3536 470 3602 1
484 3532 681 3604 experimento
699 3533 723 3606 li
742 3541 869 3592 correct-a
889 3550 924 3589 ea
943 3535 974 3601 ε)
990 3532 1022 3585 L

166 3628 298 3668 Flornred.
314 3630 515 3676 aitenbach.
944 3628 966 3675 Δὶ
