<?xml version="1.0" encoding="UTF-8"?>
<!DOCTYPE html PUBLIC "-//W3C//DTD XHTML 1.0 Transitional//EN"
    "http://www.w3.org/TR/xhtml1/DTD/xhtml1-transitional.dtd">
<html xmlns="http://www.w3.org/1999/xhtml" xml:lang="en" lang="en">
 <head>
  <title>
</title>
<meta http-equiv="Content-Type" content="text/html;charset=utf-8" />
  <meta name='ocr-system' content='tesseract 3.04.00' />
  <meta name='ocr-capabilities' content='ocr_page ocr_carea ocr_par ocr_line ocrx_word'/>
</head>
<body>
  <div class='ocr_page' id='page_1' title='image "./lannaeifloriepi00florgoog_0077.png"; bbox 0 0 2436 3826; ppageno 0'>
   <div class='ocr_carea' id='block_1_1' title="bbox 134 189 781 252">
    <p class='ocr_par' dir='ltr' id='par_1_1' title="bbox 134 189 781 252">
     <span class='ocr_line' id='line_1_1' title="bbox 134 189 781 252; baseline -0.005 -8"><span class='ocrx_word' id='word_1_1' title='bbox 134 189 154 252; x_wconf 83' lang='grc'>6</span> <span class='ocrx_word' id='word_1_2' title='bbox 492 191 602 242; x_wconf 85' lang='lat' dir='ltr'><strong><em>FLORI</em></strong></span> <span class='ocrx_word' id='word_1_3' title='bbox 621 190 781 242; x_wconf 82' lang='lat' dir='ltr'><strong>EPITOMA</strong></span> 
     </span>
    </p>
   </div>
   <div class='ocr_carea' id='block_1_2' title="bbox 89 355 1185 1942">
    <p class='ocr_par' dir='ltr' id='par_1_2' title="bbox 95 355 1148 613">
     <span class='ocr_line' id='line_1_2' title="bbox 95 355 1148 441; baseline 0.002 -25"><span class='ocrx_word' id='word_1_4' title='bbox 95 366 111 416; x_wconf 80' lang='lat' dir='ltr'>t</span> <span class='ocrx_word' id='word_1_5' title='bbox 131 375 349 435; x_wconf 88' lang='lat' dir='ltr'>processusque</span> <span class='ocrx_word' id='word_1_6' title='bbox 378 358 442 417; x_wconf 91' lang='lat' dir='ltr'>eius</span> <span class='ocrx_word' id='word_1_7' title='bbox 466 358 605 441; x_wconf 83' lang='lat' dir='ltr'>invepiet.</span> <span class='ocrx_word' id='word_1_8' title='bbox 650 357 746 435; x_wconf 91' lang='lat' dir='ltr'>prima</span> <span class='ocrx_word' id='word_1_9' title='bbox 769 362 849 416; x_wconf 84' lang='lat' dir='ltr'>aetas</span> <span class='ocrx_word' id='word_1_10' title='bbox 869 355 924 415; x_wconf 88' lang='lat' dir='ltr'>sub</span> <span class='ocrx_word' id='word_1_11' title='bbox 947 356 1069 435; x_wconf 89' lang='lat' dir='ltr'>regibus</span> <span class='ocrx_word' id='word_1_12' title='bbox 1090 357 1148 418; x_wconf 86' lang='lat' dir='ltr'>luit</span> 
     </span>
     <span class='ocr_line' id='line_1_3' title="bbox 129 443 1148 525; baseline 0.003 -21"><span class='ocrx_word' id='word_1_13' title='bbox 129 463 222 524; x_wconf 85' lang='lat' dir='ltr'>prope</span> <span class='ocrx_word' id='word_1_14' title='bbox 255 464 309 524; x_wconf 92' lang='lat' dir='ltr'>per</span> <span class='ocrx_word' id='word_1_15' title='bbox 342 463 434 506; x_wconf 91' lang='lat' dir='ltr'>annos</span> <span class='ocrx_word' id='word_1_16' title='bbox 468 444 713 525; x_wconf 84' lang='lat' dir='ltr'>quadringentos,</span> <span class='ocrx_word' id='word_1_17' title='bbox 751 443 859 523; x_wconf 88' lang='lat' dir='ltr'>quibus</span> <span class='ocrx_word' id='word_1_18' title='bbox 893 446 1006 505; x_wconf 89' lang='lat' dir='ltr'>circum</span> <span class='ocrx_word' id='word_1_19' title='bbox 1037 445 1148 507; x_wconf 91' lang='lat' dir='ltr'>urbem</span> 
     </span>
     <span class='ocr_line' id='line_1_4' title="bbox 105 533 1146 613; baseline 0.002 -20"><span class='ocrx_word' id='word_1_20' title='bbox 105 574 108 582; x_wconf 79' lang='lat'><em>,</em></span> <span class='ocrx_word' id='word_1_21' title='bbox 129 535 224 613; x_wconf 92' lang='lat' dir='ltr'>ipsam</span> <span class='ocrx_word' id='word_1_22' title='bbox 248 553 316 595; x_wconf 91' lang='lat' dir='ltr'>cum</span> <span class='ocrx_word' id='word_1_23' title='bbox 340 534 475 594; x_wconf 83' lang='lat' dir='ltr'>finitimis</span> <span class='ocrx_word' id='word_1_24' title='bbox 497 534 625 594; x_wconf 83' lang='lat' dir='ltr'>luctatus</span> <span class='ocrx_word' id='word_1_25' title='bbox 650 541 703 594; x_wconf 85' lang='lat' dir='ltr'>est.</span> <span class='ocrx_word' id='word_1_26' title='bbox 745 533 818 613; x_wconf 87' lang='lat' dir='ltr'>haec</span> <span class='ocrx_word' id='word_1_27' title='bbox 841 536 899 594; x_wconf 90' lang='lat' dir='ltr'>erit</span> <span class='ocrx_word' id='word_1_28' title='bbox 922 536 987 594; x_wconf 90' lang='lat' dir='ltr'>eius</span> <span class='ocrx_word' id='word_1_29' title='bbox 1010 534 1146 596; x_wconf 86' lang='lat' dir='ltr'>infantia.</span> 
     </span>
    </p>

    <p class='ocr_par' dir='ltr' id='par_1_3' title="bbox 95 620 1185 879">
     <span class='ocr_line' id='line_1_5' title="bbox 95 620 1147 701; baseline 0.001 -18"><span class='ocrx_word' id='word_1_30' title='bbox 95 636 110 684; x_wconf 85' lang='lat'>6</span> <span class='ocrx_word' id='word_1_31' title='bbox 130 641 258 701; x_wconf 92' lang='lat' dir='ltr'>sequens</span> <span class='ocrx_word' id='word_1_32' title='bbox 282 641 299 682; x_wconf 93' lang='lat' dir='ltr'>a</span> <span class='ocrx_word' id='word_1_33' title='bbox 322 622 414 683; x_wconf 86' lang='lat' dir='ltr'>Bruto</span> <span class='ocrx_word' id='word_1_34' title='bbox 438 622 641 701; x_wconf 80' lang='lat' dir='ltr'>Collatinoque</span> <span class='ocrx_word' id='word_1_35' title='bbox 666 621 838 683; x_wconf 89' lang='lat' dir='ltr'>consulibus</span> <span class='ocrx_word' id='word_1_36' title='bbox 862 624 892 682; x_wconf 93' lang='lat' dir='ltr'>in</span> <span class='ocrx_word' id='word_1_37' title='bbox 912 622 1039 701; x_wconf 77' lang='lat' dir='ltr'>Appium</span> <span class='ocrx_word' id='word_1_38' title='bbox 1058 620 1147 684; x_wconf 94' lang='lat' dir='ltr'>Clau-</span> 
     </span>
     <span class='ocr_line' id='line_1_6' title="bbox 129 710 1185 790; baseline 0.003 -19"><span class='ocrx_word' id='word_1_39' title='bbox 129 712 212 771; x_wconf 94' lang='lat' dir='ltr'>dium</span> <span class='ocrx_word' id='word_1_40' title='bbox 226 712 368 782; x_wconf 83' lang='lat' dir='ltr'>Quintum</span> <span class='ocrx_word' id='word_1_41' title='bbox 382 711 519 772; x_wconf 88' lang='lat' dir='ltr'>Fulvium</span> <span class='ocrx_word' id='word_1_42' title='bbox 534 710 672 771; x_wconf 89' lang='lat' dir='ltr'>consules</span> <span class='ocrx_word' id='word_1_43' title='bbox 687 717 806 771; x_wconf 89' lang='lat' dir='ltr'>centum</span> <span class='ocrx_word' id='word_1_44' title='bbox 822 713 1035 790; x_wconf 80' lang='lat' dir='ltr'>quinquaginta</span> <span class='ocrx_word' id='word_1_45' title='bbox 1050 730 1147 773; x_wconf 90' lang='lat' dir='ltr'>annos</span> <span class='ocrx_word' id='word_1_46' title='bbox 1173 733 1185 774; x_wconf 76' lang='lat' dir='ltr'>a</span> 
     </span>
     <span class='ocr_line' id='line_1_7' title="bbox 127 799 1147 879; baseline 0.001 -19"><span class='ocrx_word' id='word_1_47' title='bbox 127 806 217 879; x_wconf 83' lang='lat' dir='ltr'>patet,</span> <span class='ocrx_word' id='word_1_48' title='bbox 241 800 349 878; x_wconf 91' lang='lat' dir='ltr'>quibus</span> <span class='ocrx_word' id='word_1_49' title='bbox 372 799 485 860; x_wconf 88' lang='lat' dir='ltr'>ltaliam</span> <span class='ocrx_word' id='word_1_50' title='bbox 510 799 634 877; x_wconf 85' lang='lat' dir='ltr'>subegit.</span> <span class='ocrx_word' id='word_1_51' title='bbox 671 800 727 859; x_wconf 91' lang='lat' dir='ltr'>hoc</span> <span class='ocrx_word' id='word_1_52' title='bbox 751 799 807 859; x_wconf 88' lang='lat' dir='ltr'>fuit</span> <span class='ocrx_word' id='word_1_53' title='bbox 824 806 942 878; x_wconf 89' lang='lat' dir='ltr'>tempus</span> <span class='ocrx_word' id='word_1_54' title='bbox 960 802 1032 861; x_wconf 90' lang='lat' dir='ltr'>viris</span> <span class='ocrx_word' id='word_1_55' title='bbox 1051 804 1147 862; x_wconf 92' lang='lat' dir='ltr'>armis</span> 
     </span>
    </p>

    <p class='ocr_par' dir='ltr' id='par_1_4' title="bbox 93 888 1149 1145">
     <span class='ocr_line' id='line_1_8' title="bbox 93 888 1146 969; baseline 0.002 -21"><span class='ocrx_word' id='word_1_56' title='bbox 93 900 108 948; x_wconf 79' lang='lat' dir='ltr'>t</span> <span class='ocrx_word' id='word_1_57' title='bbox 127 890 380 969; x_wconf 80' lang='lat' dir='ltr'>incitatissimam,</span> <span class='ocrx_word' id='word_1_58' title='bbox 404 889 530 966; x_wconf 93' lang='lat' dir='ltr'>ideoque</span> <span class='ocrx_word' id='word_1_59' title='bbox 555 890 622 966; x_wconf 93' lang='lat' dir='ltr'>quis</span> <span class='ocrx_word' id='word_1_60' title='bbox 646 888 877 949; x_wconf 83' lang='lat' dir='ltr'>adulescentiam</span> <span class='ocrx_word' id='word_1_61' title='bbox 900 889 1017 949; x_wconf 84' lang='lat' dir='ltr'>dixerit.</span> <span class='ocrx_word' id='word_1_62' title='bbox 1060 889 1146 950; x_wconf 92' lang='lat' dir='ltr'>dein·</span> 
     </span>
     <span class='ocr_line' id='line_1_9' title="bbox 128 976 1147 1058; baseline 0.003 -22"><span class='ocrx_word' id='word_1_63' title='bbox 128 995 198 1055; x_wconf 89' lang='lat' dir='ltr'>ceps</span> <span class='ocrx_word' id='word_1_64' title='bbox 222 977 258 1036; x_wconf 90' lang='lat' dir='ltr'>ad</span> <span class='ocrx_word' id='word_1_65' title='bbox 278 976 434 1037; x_wconf 89' lang='lat' dir='ltr'>Caesarem</span> <span class='ocrx_word' id='word_1_66' title='bbox 453 978 619 1055; x_wconf 77' lang='lat' dir='ltr'>Augustum</span> <span class='ocrx_word' id='word_1_67' title='bbox 643 984 762 1036; x_wconf 89' lang='lat' dir='ltr'>centum</span> <span class='ocrx_word' id='word_1_68' title='bbox 783 983 812 1037; x_wconf 84' lang='lat' dir='ltr'>et</span> <span class='ocrx_word' id='word_1_69' title='bbox 831 976 1044 1055; x_wconf 80' lang='lat' dir='ltr'>quinquaginta</span> <span class='ocrx_word' id='word_1_70' title='bbox 1064 980 1147 1058; x_wconf 87' lang='lat' dir='ltr'>anni,</span> 
     </span>
     <span class='ocr_line' id='line_1_10' title="bbox 128 1063 1149 1145; baseline 0.002 -21"><span class='ocrx_word' id='word_1_71' title='bbox 128 1063 236 1142; x_wconf 89' lang='lat' dir='ltr'>quibus</span> <span class='ocrx_word' id='word_1_72' title='bbox 256 1072 351 1125; x_wconf 85' lang='lat' dir='ltr'>totum</span> <span class='ocrx_word' id='word_1_73' title='bbox 370 1065 472 1125; x_wconf 91' lang='lat' dir='ltr'>orbem</span> <span class='ocrx_word' id='word_1_74' title='bbox 490 1067 614 1143; x_wconf 89' lang='lat' dir='ltr'>pacavit.</span> <span class='ocrx_word' id='word_1_75' title='bbox 650 1065 699 1125; x_wconf 92' lang='lat' dir='ltr'>hic</span> <span class='ocrx_word' id='word_1_76' title='bbox 718 1067 777 1125; x_wconf 92' lang='lat' dir='ltr'>iam</span> <span class='ocrx_word' id='word_1_77' title='bbox 796 1068 860 1144; x_wconf 91' lang='lat' dir='ltr'>ipsa</span> <span class='ocrx_word' id='word_1_78' title='bbox 874 1068 1009 1125; x_wconf 80' lang='lat' dir='ltr'>iuventas</span> <span class='ocrx_word' id='word_1_79' title='bbox 1023 1063 1149 1145; x_wconf 89' lang='lat' dir='ltr'>imperii</span> 
     </span>
    </p>

    <p class='ocr_par' dir='ltr' id='par_1_5' title="bbox 92 1152 1185 1587">
     <span class='ocr_line' id='line_1_11' title="bbox 92 1152 1185 1232; baseline 0.004 -20"><span class='ocrx_word' id='word_1_80' title='bbox 92 1163 109 1212; x_wconf 88' lang='lat'>8</span> <span class='ocrx_word' id='word_1_81' title='bbox 128 1160 158 1213; x_wconf 89' lang='lat' dir='ltr'>et</span> <span class='ocrx_word' id='word_1_82' title='bbox 177 1152 321 1231; x_wconf 88' lang='lat' dir='ltr'>quaedam</span> <span class='ocrx_word' id='word_1_83' title='bbox 341 1155 426 1231; x_wconf 94' lang='lat' dir='ltr'>quasi</span> <span class='ocrx_word' id='word_1_84' title='bbox 444 1153 566 1214; x_wconf 85' lang='lat' dir='ltr'>robusta</span> <span class='ocrx_word' id='word_1_85' title='bbox 584 1156 746 1215; x_wconf 84' lang='lat' dir='ltr'>maturitas.</span> <span class='ocrx_word' id='word_1_86' title='bbox 784 1173 800 1214; x_wconf 92' lang='lat' dir='ltr'>a</span> <span class='ocrx_word' id='word_1_87' title='bbox 820 1153 945 1215; x_wconf 84' lang='lat' dir='ltr'>Caesare</span> <span class='ocrx_word' id='word_1_88' title='bbox 960 1154 1093 1232; x_wconf 77' lang='lat' dir='ltr'>Augusto</span> <span class='ocrx_word' id='word_1_89' title='bbox 1113 1157 1146 1215; x_wconf 90' lang='lat' dir='ltr'>in</span> <span class='ocrx_word' id='word_1_90' title='bbox 1160 1175 1185 1216; x_wconf 87' lang='lat' dir='ltr'>m</span> 
     </span>
     <span class='ocr_line' id='line_1_12' title="bbox 128 1241 1144 1323; baseline 0.002 -22"><span class='ocrx_word' id='word_1_91' title='bbox 128 1241 278 1305; x_wconf 89' lang='lat' dir='ltr'>saeculum</span> <span class='ocrx_word' id='word_1_92' title='bbox 298 1248 434 1302; x_wconf 84' lang='lat' dir='ltr'>nostrum</span> <span class='ocrx_word' id='word_1_93' title='bbox 452 1242 524 1302; x_wconf 89' lang='lat' dir='ltr'>haut</span> <span class='ocrx_word' id='word_1_94' title='bbox 546 1242 639 1302; x_wconf 89' lang='lat' dir='ltr'>multo</span> <span class='ocrx_word' id='word_1_95' title='bbox 664 1245 762 1302; x_wconf 92' lang='lat' dir='ltr'>minus</span> <span class='ocrx_word' id='word_1_96' title='bbox 786 1245 856 1303; x_wconf 91' lang='lat' dir='ltr'>anni</span> <span class='ocrx_word' id='word_1_97' title='bbox 879 1243 1009 1323; x_wconf 85' lang='lat' dir='ltr'>ducenti,</span> <span class='ocrx_word' id='word_1_98' title='bbox 1033 1242 1144 1322; x_wconf 90' lang='lat' dir='ltr'>quibus</span> 
     </span>
     <span class='ocr_line' id='line_1_13' title="bbox 126 1330 1144 1413; baseline 0.003 -24"><span class='ocrx_word' id='word_1_99' title='bbox 126 1331 234 1391; x_wconf 88' lang='lat' dir='ltr'>inertia</span> <span class='ocrx_word' id='word_1_100' title='bbox 253 1330 413 1391; x_wconf 85' lang='lat' dir='ltr'>Caesarum</span> <span class='ocrx_word' id='word_1_101' title='bbox 437 1333 521 1409; x_wconf 91' lang='lat' dir='ltr'>quasi</span> <span class='ocrx_word' id='word_1_102' title='bbox 544 1333 701 1392; x_wconf 88' lang='lat' dir='ltr'>consenuit</span> <span class='ocrx_word' id='word_1_103' title='bbox 723 1337 810 1410; x_wconf 85' lang='lat' dir='ltr'>atque</span> <span class='ocrx_word' id='word_1_104' title='bbox 834 1331 960 1413; x_wconf 84' lang='lat' dir='ltr'>decoxit,</span> <span class='ocrx_word' id='word_1_105' title='bbox 983 1333 1044 1391; x_wconf 90' lang='lat' dir='ltr'>nisi</span> <span class='ocrx_word' id='word_1_106' title='bbox 1063 1332 1144 1411; x_wconf 94' lang='lat' dir='ltr'>quod</span> 
     </span>
     <span class='ocr_line' id='line_1_14' title="bbox 127 1418 1143 1499; baseline 0.002 -21"><span class='ocrx_word' id='word_1_107' title='bbox 127 1418 182 1478; x_wconf 87' lang='lat' dir='ltr'>sub</span> <span class='ocrx_word' id='word_1_108' title='bbox 204 1420 330 1480; x_wconf 90' lang='lat' dir='ltr'>Traiano</span> <span class='ocrx_word' id='word_1_109' title='bbox 353 1421 488 1499; x_wconf 83' lang='lat' dir='ltr'>principe</span> <span class='ocrx_word' id='word_1_110' title='bbox 512 1422 604 1479; x_wconf 85' lang='lat' dir='ltr'>movit</span> <span class='ocrx_word' id='word_1_111' title='bbox 626 1419 752 1480; x_wconf 90' lang='lat' dir='ltr'>lacertos</span> <span class='ocrx_word' id='word_1_112' title='bbox 776 1427 806 1480; x_wconf 86' lang='lat' dir='ltr'>et</span> <span class='ocrx_word' id='word_1_113' title='bbox 828 1427 947 1498; x_wconf 89' lang='lat' dir='ltr'>praeter</span> <span class='ocrx_word' id='word_1_114' title='bbox 971 1438 1055 1499; x_wconf 92' lang='lat' dir='ltr'>spem</span> <span class='ocrx_word' id='word_1_115' title='bbox 1080 1439 1143 1480; x_wconf 94' lang='lat' dir='ltr'>om-</span> 
     </span>
     <span class='ocr_line' id='line_1_15' title="bbox 125 1508 1142 1587; baseline 0.002 -20"><span class='ocrx_word' id='word_1_116' title='bbox 125 1510 211 1568; x_wconf 86' lang='lat' dir='ltr'>nium·</span> <span class='ocrx_word' id='word_1_117' title='bbox 237 1516 375 1569; x_wconf 87' lang='lat' dir='ltr'>senectus</span> <span class='ocrx_word' id='word_1_118' title='bbox 404 1510 523 1587; x_wconf 88' lang='lat' dir='ltr'>imperii</span> <span class='ocrx_word' id='word_1_119' title='bbox 551 1510 636 1587; x_wconf 91' lang='lat' dir='ltr'>quasi</span> <span class='ocrx_word' id='word_1_120' title='bbox 661 1508 776 1569; x_wconf 87' lang='lat' dir='ltr'>reddita</span> <span class='ocrx_word' id='word_1_121' title='bbox 799 1511 952 1569; x_wconf 85' lang='lat' dir='ltr'>iuventute</span> <span class='ocrx_word' id='word_1_122' title='bbox 976 1510 1142 1570; x_wconf 79' lang='lat' dir='ltr'>revirescit.</span> 
     </span>
    </p>

    <p class='ocr_par' dir='ltr' id='par_1_6' title="bbox 97 1590 1182 1679">
     <span class='ocr_line' id='line_1_16' title="bbox 97 1590 1182 1679; baseline 0.004 -26"><span class='ocrx_word' id='word_1_123' title='bbox 97 1590 114 1653; x_wconf 92' lang='lat'>1</span> <span class='ocrx_word' id='word_1_124' title='bbox 191 1596 310 1657; x_wconf 90' lang='lat' dir='ltr'>Primus</span> <span class='ocrx_word' id='word_1_125' title='bbox 333 1596 382 1656; x_wconf 89' lang='lat' dir='ltr'>ille</span> <span class='ocrx_word' id='word_1_126' title='bbox 407 1604 436 1657; x_wconf 91' lang='lat' dir='ltr'>et</span> <span class='ocrx_word' id='word_1_127' title='bbox 459 1595 544 1657; x_wconf 88' lang='lat' dir='ltr'>urbis</span> <span class='ocrx_word' id='word_1_128' title='bbox 568 1604 597 1657; x_wconf 85' lang='lat' dir='ltr'>et</span> <span class='ocrx_word' id='word_1_129' title='bbox 620 1599 739 1676; x_wconf 92' lang='lat' dir='ltr'>imperii</span> <span class='ocrx_word' id='word_1_130' title='bbox 758 1598 894 1657; x_wconf 88' lang='lat' dir='ltr'>conditor</span> <span class='ocrx_word' id='word_1_131' title='bbox 912 1595 1056 1658; x_wconf 86' lang='lat' dir='ltr'>Romulus</span> <span class='ocrx_word' id='word_1_132' title='bbox 1075 1597 1142 1679; x_wconf 84' lang='lat' dir='ltr'>fuit,</span> <span class='ocrx_word' id='word_1_133' title='bbox 1157 1615 1182 1657; x_wconf 81' lang='lat' dir='ltr'>ro</span> 
     </span>
    </p>

    <p class='ocr_par' dir='ltr' id='par_1_7' title="bbox 89 1684 1143 1942">
     <span class='ocr_line' id='line_1_17' title="bbox 89 1684 1143 1765; baseline 0.005 -22"><span class='ocrx_word' id='word_1_134' title='bbox 89 1694 105 1743; x_wconf 80' lang='lat'><strong>2</strong></span> <span class='ocrx_word' id='word_1_135' title='bbox 124 1684 216 1746; x_wconf 88' lang='lat' dir='ltr'>Marte</span> <span class='ocrx_word' id='word_1_136' title='bbox 240 1688 357 1765; x_wconf 90' lang='lat' dir='ltr'>genitus</span> <span class='ocrx_word' id='word_1_137' title='bbox 382 1693 411 1745; x_wconf 90' lang='lat' dir='ltr'>et</span> <span class='ocrx_word' id='word_1_138' title='bbox 429 1685 510 1746; x_wconf 90' lang='lat' dir='ltr'>Rhea</span> <span class='ocrx_word' id='word_1_139' title='bbox 530 1685 627 1747; x_wconf 89' lang='lat' dir='ltr'>Silvia.</span> <span class='ocrx_word' id='word_1_140' title='bbox 673 1686 730 1746; x_wconf 94' lang='lat' dir='ltr'>hoc</span> <span class='ocrx_word' id='word_1_141' title='bbox 754 1685 790 1745; x_wconf 89' lang='lat' dir='ltr'>de</span> <span class='ocrx_word' id='word_1_142' title='bbox 810 1704 842 1745; x_wconf 92' lang='lat' dir='ltr'>se</span> <span class='ocrx_word' id='word_1_143' title='bbox 862 1686 1001 1746; x_wconf 91' lang='lat' dir='ltr'>sacerdos</span> <span class='ocrx_word' id='word_1_144' title='bbox 1020 1687 1143 1764; x_wconf 86' lang='lat' dir='ltr'>gravida</span> 
     </span>
     <span class='ocr_line' id='line_1_18' title="bbox 125 1774 1141 1855; baseline 0.002 -21"><span class='ocrx_word' id='word_1_145' title='bbox 125 1774 260 1835; x_wconf 86' lang='lat' dir='ltr'>confessa</span> <span class='ocrx_word' id='word_1_146' title='bbox 288 1783 346 1855; x_wconf 85' lang='lat' dir='ltr'>est,</span> <span class='ocrx_word' id='word_1_147' title='bbox 369 1793 425 1835; x_wconf 91' lang='lat' dir='ltr'>nec</span> <span class='ocrx_word' id='word_1_148' title='bbox 448 1793 517 1834; x_wconf 84' lang='lat' dir='ltr'>mox</span> <span class='ocrx_word' id='word_1_149' title='bbox 544 1774 621 1835; x_wconf 88' lang='lat' dir='ltr'>lama</span> <span class='ocrx_word' id='word_1_150' title='bbox 649 1774 808 1855; x_wconf 84' lang='lat' dir='ltr'>dubitavit,</span> <span class='ocrx_word' id='word_1_151' title='bbox 837 1792 904 1834; x_wconf 93' lang='lat' dir='ltr'>cum</span> <span class='ocrx_word' id='word_1_152' title='bbox 927 1774 1036 1835; x_wconf 78' lang='lat' dir='ltr'>Amulli</span> <span class='ocrx_word' id='word_1_153' title='bbox 1058 1778 1141 1854; x_wconf 87' lang='lat' dir='ltr'>regis</span> 
     </span>
     <span class='ocr_line' id='line_1_19' title="bbox 124 1862 1143 1942; baseline 0.002 -19"><span class='ocrx_word' id='word_1_154' title='bbox 124 1864 250 1942; x_wconf 90' lang='lat' dir='ltr'>imperio</span> <span class='ocrx_word' id='word_1_155' title='bbox 283 1865 408 1924; x_wconf 88' lang='lat' dir='ltr'>iactatus</span> <span class='ocrx_word' id='word_1_156' title='bbox 440 1865 472 1923; x_wconf 91' lang='lat' dir='ltr'>in</span> <span class='ocrx_word' id='word_1_157' title='bbox 504 1864 701 1941; x_wconf 77' lang='lat' dir='ltr'>profluentem</span> <span class='ocrx_word' id='word_1_158' title='bbox 734 1881 801 1924; x_wconf 93' lang='lat' dir='ltr'>cum</span> <span class='ocrx_word' id='word_1_159' title='bbox 829 1862 921 1922; x_wconf 88' lang='lat' dir='ltr'>Remo</span> <span class='ocrx_word' id='word_1_160' title='bbox 954 1863 1046 1924; x_wconf 89' lang='lat' dir='ltr'>lratre</span> <span class='ocrx_word' id='word_1_161' title='bbox 1079 1882 1143 1925; x_wconf 93' lang='lat' dir='ltr'>non</span> 
     </span>
    </p>
   </div>
   <div class='ocr_carea' id='block_1_3' title="bbox 93 2031 1142 2183">
    <p class='ocr_par' dir='ltr' id='par_1_8' title="bbox 93 2031 1142 2183">
     <span class='ocr_line' id='line_1_20' title="bbox 93 2031 1142 2114; baseline 0.005 -29"><span class='ocrx_word' id='word_1_162' title='bbox 93 2031 115 2082; x_wconf 91' lang='lat' dir='ltr'><strong><em>I</em></strong></span> <span class='ocrx_word' id='word_1_163' title='bbox 122 2033 275 2086; x_wconf 73' lang='lat' dir='ltr'>recensione</span> <span class='ocrx_word' id='word_1_164' title='bbox 297 2038 322 2086; x_wconf 88' lang='lat' dir='ltr'>et</span> <span class='ocrx_word' id='word_1_165' title='bbox 344 2033 530 2087; x_wconf 77' lang='lat' dir='ltr'>emendatione</span> <span class='ocrx_word' id='word_1_166' title='bbox 550 2051 580 2114; x_wconf 82' lang='lat' dir='ltr'>p.</span> <span class='ocrx_word' id='word_1_167' title='bbox 601 2038 666 2102; x_wconf 76' lang='lat'>164,</span> <span class='ocrx_word' id='word_1_168' title='bbox 695 2050 710 2087; x_wconf 92' lang='lat' dir='ltr'>e</span> <span class='ocrx_word' id='word_1_169' title='bbox 733 2034 868 2102; x_wconf 90' lang='lat' dir='ltr'>quattuor</span> <span class='ocrx_word' id='word_1_170' title='bbox 890 2031 1026 2102; x_wconf 83' lang='lat' dir='ltr'>gradibus</span> <span class='ocrx_word' id='word_1_171' title='bbox 1045 2032 1142 2103; x_wconf 80' lang='lat' dir='ltr'>prima</span> 
     </span>
     <span class='ocr_line' id='line_1_21' title="bbox 124 2102 1140 2183; baseline 0.006 -28"><span class='ocrx_word' id='word_1_172' title='bbox 124 2103 203 2156; x_wconf 87' lang='lat' dir='ltr'>aetas</span> <span class='ocrx_word' id='word_1_173' title='bbox 222 2102 417 2172; x_wconf 78' lang='lat' dir='ltr'>Nipperdeias,</span> <span class='ocrx_word' id='word_1_174' title='bbox 437 2104 515 2157; x_wconf 87' lang='lat' dir='ltr'>aetas</span> <span class='ocrx_word' id='word_1_175' title='bbox 535 2102 670 2158; x_wconf 88' lang='lat' dir='ltr'>d1stincta</span> <span class='ocrx_word' id='word_1_176' title='bbox 688 2103 839 2159; x_wconf 88' lang='lat' dir='ltr'>videbitur.</span> <span class='ocrx_word' id='word_1_177' title='bbox 858 2103 950 2183; x_wconf 87' lang='lat' dir='ltr'>prima</span> <span class='ocrx_word' id='word_1_178' title='bbox 969 2106 1049 2158; x_wconf 86' lang='lat' dir='ltr'>aetas</span> <span class='ocrx_word' id='word_1_179' title='bbox 1064 2105 1140 2161; x_wconf 86' lang='lat' dir='ltr'>Hal-</span> 
     </span>
    </p>
   </div>
   <div class='ocr_carea' id='block_1_4' title="bbox 72 2177 1186 3558">
    <p class='ocr_par' dir='ltr' id='par_1_9' title="bbox 72 2177 1186 3558">
     <span class='ocr_line' id='line_1_22' title="bbox 123 2177 1140 2280; baseline 0.006 -18"><span class='ocrx_word' id='word_1_180' title='bbox 123 2209 195 2262; x_wconf 79' lang='lat' dir='ltr'>mius</span> <span class='ocrx_word' id='word_1_181' title='bbox 217 2210 226 2274; x_wconf 84' lang='grc' dir='ltr'>ΙΙ</span> <span class='ocrx_word' id='word_1_182' title='bbox 248 2214 264 2260; x_wconf 77' lang='grc'>2</span> <span class='ocrx_word' id='word_1_183' title='bbox 283 2225 370 2278; x_wconf 87' lang='lat' dir='ltr'>prope</span> <span class='ocrx_word' id='word_1_184' title='bbox 390 2223 479 2263; x_wconf 82' lang='lat' dir='ltr'>-cccc</span> <span class='ocrx_word' id='word_1_185' title='bbox 502 2225 642 2278; x_wconf 86' lang='lat' dir='ltr'>perannos</span> <span class='ocrx_word' id='word_1_186' title='bbox 660 2210 694 2264; x_wconf 89' lang='lat' dir='ltr'><strong><em>N</em></strong></span> <span class='ocrx_word' id='word_1_187' title='bbox 712 2227 800 2280; x_wconf 89' lang='lat' dir='ltr'>propo</span> <span class='ocrx_word' id='word_1_188' title='bbox 820 2177 924 2267; x_wconf 32' lang='lat' dir='ltr'>mdlcsoc</span> <span class='ocrx_word' id='word_1_189' title='bbox 944 2210 965 2279; x_wconf 86' lang='lat' dir='ltr'>(i</span> <span class='ocrx_word' id='word_1_190' title='bbox 985 2212 1017 2264; x_wconf 80' lang='lat' dir='ltr'>im</span> <span class='ocrx_word' id='word_1_191' title='bbox 1036 2227 1051 2264; x_wconf 95' lang='lat' dir='ltr'>o</span> <span class='ocrx_word' id='word_1_192' title='bbox 1070 2215 1140 2268; x_wconf 79' lang='lat' dir='ltr'>mai.</span> 
     </span>
     <span class='ocr_line' id='line_1_23' title="bbox 123 2279 1142 2352; baseline 0.006 -20"><span class='ocrx_word' id='word_1_193' title='bbox 123 2296 157 2332; x_wconf 94' lang='lat' dir='ltr'>m.</span> <span class='ocrx_word' id='word_1_194' title='bbox 178 2280 247 2348; x_wconf 85' lang='lat' dir='ltr'>eod.)</span> <span class='ocrx_word' id='word_1_195' title='bbox 270 2295 321 2348; x_wconf 86' lang='lat' dir='ltr'>per</span> <span class='ocrx_word' id='word_1_196' title='bbox 342 2296 429 2333; x_wconf 85' lang='lat' dir='ltr'>annos</span> <span class='ocrx_word' id='word_1_197' title='bbox 448 2279 475 2333; x_wconf 87' lang='lat' dir='ltr'><strong><em>L</em></strong></span> <span class='ocrx_word' id='word_1_198' title='bbox 493 2296 580 2350; x_wconf 88' lang='lat' dir='ltr'>prope</span> <span class='ocrx_word' id='word_1_199' title='bbox 599 2281 734 2335; x_wconf 89' lang='lat' dir='ltr'>ducentos</span> <span class='ocrx_word' id='word_1_200' title='bbox 753 2281 961 2352; x_wconf 88' lang='lat' dir='ltr'>quinquaginta</span> <span class='ocrx_word' id='word_1_201' title='bbox 978 2298 1030 2350; x_wconf 89' lang='lat' dir='ltr'>per</span> <span class='ocrx_word' id='word_1_202' title='bbox 1048 2297 1142 2338; x_wconf 86' lang='lat' dir='ltr'>annos</span> 
     </span>
     <span class='ocr_line' id='line_1_24' title="bbox 122 2350 1141 2423; baseline 0.004 -19"><span class='ocrx_word' id='word_1_203' title='bbox 122 2366 174 2419; x_wconf 69' lang='lat' dir='ltr'>ep,</span> <span class='ocrx_word' id='word_1_204' title='bbox 194 2350 226 2404; x_wconf 86' lang='lat' dir='ltr'>de</span> <span class='ocrx_word' id='word_1_205' title='bbox 243 2351 294 2405; x_wconf 83' lang='lat' dir='ltr'>hoe</span> <span class='ocrx_word' id='word_1_206' title='bbox 311 2357 337 2405; x_wconf 87' lang='lat' dir='ltr'>et</span> <span class='ocrx_word' id='word_1_207' title='bbox 350 2353 488 2420; x_wconf 78' lang='lat' dir='ltr'>proximis</span> <span class='ocrx_word' id='word_1_208' title='bbox 505 2354 627 2406; x_wconf 77' lang='lat' dir='ltr'>cameris</span> <span class='ocrx_word' id='word_1_209' title='bbox 643 2370 667 2408; x_wconf 87' lang='lat' dir='ltr'>o.</span> <span class='ocrx_word' id='word_1_210' title='bbox 683 2353 795 2407; x_wconf 81' lang='lat' dir='ltr'>Halmii</span> <span class='ocrx_word' id='word_1_211' title='bbox 808 2356 872 2410; x_wconf 85' lang='lat' dir='ltr'>edit.</span> <span class='ocrx_word' id='word_1_212' title='bbox 888 2370 917 2423; x_wconf 79' lang='lat' dir='ltr'>p.</span> <span class='ocrx_word' id='word_1_213' title='bbox 932 2354 954 2406; x_wconf 95' lang='lat' dir='ltr'><strong><em>I</em></strong></span> <span class='ocrx_word' id='word_1_214' title='bbox 955 2353 999 2420; x_wconf 76' lang='lat' dir='ltr'>Vl</span> <span class='ocrx_word' id='word_1_215' title='bbox 1015 2351 1141 2408; x_wconf 86' lang='lat' dir='ltr'>circum·</span> 
     </span>
     <span class='ocr_line' id='line_1_25' title="bbox 123 2419 1142 2495; baseline 0.006 -22"><span class='ocrx_word' id='word_1_216' title='bbox 123 2419 217 2489; x_wconf 85' lang='lat' dir='ltr'>ipsam</span> <span class='ocrx_word' id='word_1_217' title='bbox 228 2452 233 2462; x_wconf 90' lang='lat'><strong>·</strong></span> <span class='ocrx_word' id='word_1_218' title='bbox 244 2437 308 2474; x_wconf 90' lang='lat' dir='ltr'>cum</span> <span class='ocrx_word' id='word_1_219' title='bbox 318 2421 426 2490; x_wconf 87' lang='lat' dir='ltr'>ipsam·</span> <span class='ocrx_word' id='word_1_220' title='bbox 442 2438 506 2475; x_wconf 92' lang='lat' dir='ltr'>cum</span> <span class='ocrx_word' id='word_1_221' title='bbox 519 2421 646 2476; x_wconf 90' lang='lat' dir='ltr'>finitimis</span> <span class='ocrx_word' id='word_1_222' title='bbox 661 2425 722 2492; x_wconf 90' lang='lat' dir='ltr'>(om.</span> <span class='ocrx_word' id='word_1_223' title='bbox 741 2423 850 2495; x_wconf 89' lang='lat' dir='ltr'>urbem)</span> <span class='ocrx_word' id='word_1_224' title='bbox 865 2426 898 2479; x_wconf 91' lang='lat' dir='ltr'><strong><em>N</em></strong></span> <span class='ocrx_word' id='word_1_225' title='bbox 909 2422 1013 2478; x_wconf 86' lang='lat' dir='ltr'>circum</span> <span class='ocrx_word' id='word_1_226' title='bbox 1026 2422 1142 2492; x_wconf 84' lang='lat' dir='ltr'>ipsam·</span> 
     </span>
     <span class='ocr_line' id='line_1_26' title="bbox 124 2490 1141 2563; baseline 0.006 -19"><span class='ocrx_word' id='word_1_227' title='bbox 124 2507 188 2544; x_wconf 92' lang='lat' dir='ltr'>cum</span> <span class='ocrx_word' id='word_1_228' title='bbox 206 2490 359 2560; x_wconf 85' lang='lat' dir='ltr'>ipsa·cum</span> <span class='ocrx_word' id='word_1_229' title='bbox 377 2491 505 2548; x_wconf 89' lang='lat' dir='ltr'>finitimis</span> <span class='ocrx_word' id='word_1_230' title='bbox 519 2494 545 2547; x_wconf 88' lang='lat' dir='ltr'><strong><em>L</em></strong></span> <span class='ocrx_word' id='word_1_231' title='bbox 565 2492 669 2548; x_wconf 88' lang='lat' dir='ltr'>circum</span> <span class='ocrx_word' id='word_1_232' title='bbox 687 2494 778 2563; x_wconf 85' lang='lat' dir='ltr'>ipsam</span> <span class='ocrx_word' id='word_1_233' title='bbox 797 2497 917 2549; x_wconf 87' lang='lat' dir='ltr'>matrem</span> <span class='ocrx_word' id='word_1_234' title='bbox 931 2511 995 2548; x_wconf 91' lang='lat' dir='ltr'>cum</span> <span class='ocrx_word' id='word_1_235' title='bbox 1008 2492 1141 2551; x_wconf 89' lang='lat' dir='ltr'>finitimis</span> 
     </span>
     <span class='ocr_line' id='line_1_27' title="bbox 128 2561 1143 2633; baseline 0.005 -17"><span class='ocrx_word' id='word_1_236' title='bbox 128 2562 202 2616; x_wconf 84' lang='lat' dir='ltr'>Voss.</span> <span class='ocrx_word' id='word_1_237' title='bbox 212 2561 316 2617; x_wconf 88' lang='lat' dir='ltr'>circum</span> <span class='ocrx_word' id='word_1_238' title='bbox 325 2562 417 2633; x_wconf 87' lang='lat' dir='ltr'>ipsam</span> <span class='ocrx_word' id='word_1_239' title='bbox 427 2565 547 2618; x_wconf 88' lang='lat' dir='ltr'>matrem</span> <span class='ocrx_word' id='word_1_240' title='bbox 557 2581 637 2618; x_wconf 90' lang='lat' dir='ltr'>suam</span> <span class='ocrx_word' id='word_1_241' title='bbox 647 2581 710 2619; x_wconf 91' lang='lat' dir='ltr'>cum</span> <span class='ocrx_word' id='word_1_242' title='bbox 718 2564 846 2620; x_wconf 88' lang='lat' dir='ltr'>finitimis</span> <span class='ocrx_word' id='word_1_243' title='bbox 853 2567 942 2621; x_wconf 78' lang='lat' dir='ltr'>Poris.</span> <span class='ocrx_word' id='word_1_244' title='bbox 949 2569 1024 2620; x_wconf 79' lang='lat'><em>5802</em></span> <span class='ocrx_word' id='word_1_245' title='bbox 1033 2564 1143 2621; x_wconf 87' lang='lat' dir='ltr'>circum</span> 
     </span>
     <span class='ocr_line' id='line_1_28' title="bbox 123 2631 1142 2704; baseline 0.007 -19"><span class='ocrx_word' id='word_1_246' title='bbox 123 2631 216 2702; x_wconf 85' lang='lat' dir='ltr'>ipsam</span> <span class='ocrx_word' id='word_1_247' title='bbox 230 2634 337 2704; x_wconf 86' lang='lat' dir='ltr'>urbem,</span> <span class='ocrx_word' id='word_1_248' title='bbox 356 2634 461 2689; x_wconf 88' lang='lat' dir='ltr'>circum</span> <span class='ocrx_word' id='word_1_249' title='bbox 474 2637 595 2689; x_wconf 87' lang='lat' dir='ltr'>matrem</span> <span class='ocrx_word' id='word_1_250' title='bbox 607 2652 671 2689; x_wconf 90' lang='lat' dir='ltr'>cum</span> <span class='ocrx_word' id='word_1_251' title='bbox 684 2634 812 2691; x_wconf 91' lang='lat' dir='ltr'>finitimis</span> <span class='ocrx_word' id='word_1_252' title='bbox 825 2635 945 2692; x_wconf 76' lang='lat' dir='ltr'>Rectius</span> <span class='ocrx_word' id='word_1_253' title='bbox 959 2636 967 2702; x_wconf 95' lang='grc' dir='ltr'>ΙΙ</span> <span class='ocrx_word' id='word_1_254' title='bbox 981 2640 999 2687; x_wconf 88' lang='grc'>4</span> <span class='ocrx_word' id='word_1_255' title='bbox 1017 2652 1142 2703; x_wconf 87' lang='lat' dir='ltr'>sequens</span> 
     </span>
     <span class='ocr_line' id='line_1_29' title="bbox 123 2704 1142 2788; baseline 0.005 -30"><span class='ocrx_word' id='word_1_256' title='bbox 123 2704 223 2786; x_wconf 67' lang='lat' dir='ltr'>obruto</span> <span class='ocrx_word' id='word_1_257' title='bbox 238 2706 267 2759; x_wconf 96' lang='grc' dir='ltr'><strong><em>Β</em></strong></span> <span class='ocrx_word' id='word_1_258' title='bbox 272 2708 286 2787; x_wconf 32' lang='grc' dir='ltr'>,Ι</span> <span class='ocrx_word' id='word_1_259' title='bbox 304 2711 335 2760; x_wconf 82' lang='lat' dir='ltr'>co</span> <span class='ocrx_word' id='word_1_260' title='bbox 354 2705 444 2788; x_wconf 81' lang='lat' dir='ltr'>latino</span> <span class='ocrx_word' id='word_1_261' title='bbox 463 2723 517 2774; x_wconf 89' lang='lat' dir='ltr'>que</span> <span class='ocrx_word' id='word_1_262' title='bbox 531 2707 566 2761; x_wconf 87' lang='lat' dir='ltr'><strong><em>N</em></strong></span> <span class='ocrx_word' id='word_1_263' title='bbox 580 2705 759 2776; x_wconf 88' lang='lat' dir='ltr'>colatinoque</span> <span class='ocrx_word' id='word_1_264' title='bbox 774 2710 800 2762; x_wconf 88' lang='lat' dir='ltr'><em>L</em></span> <span class='ocrx_word' id='word_1_265' title='bbox 814 2713 823 2778; x_wconf 88' lang='grc' dir='ltr'>ΙΙ</span> <span class='ocrx_word' id='word_1_266' title='bbox 838 2715 853 2763; x_wconf 82' lang='lat'>5</span> <span class='ocrx_word' id='word_1_267' title='bbox 868 2705 996 2762; x_wconf 88' lang='lat' dir='ltr'>consules</span> <span class='ocrx_word' id='word_1_268' title='bbox 1007 2735 1014 2748; x_wconf 90' lang='lat'><strong>·</strong></span> <span class='ocrx_word' id='word_1_269' title='bbox 1024 2708 1142 2763; x_wconf 85' lang='lat' dir='ltr'>centum</span> 
     </span>
     <span class='ocr_line' id='line_1_30' title="bbox 72 2776 1142 2928; baseline 0.006 -28"><span class='ocrx_word' id='word_1_270' title='bbox 72 2808 77 2815; x_wconf 82' lang='lat'>&#39;</span> <span class='ocrx_word' id='word_1_271' title='bbox 122 2778 963 2928; x_wconf 50' lang='lat' dir='ltr'>tutti}{mittiminittitttttttitania</span> <span class='ocrx_word' id='word_1_272' title='bbox 976 2776 1034 2918; x_wconf 67' lang='lat' dir='ltr'>(il</span> <span class='ocrx_word' id='word_1_273' title='bbox 1049 2794 1142 2918; x_wconf 49' lang='lat' dir='ltr'>isitii</span> 
     </span>
     <span class='ocr_line' id='line_1_31' title="bbox 122 2918 1143 2993; baseline 0.003 -22"><span class='ocrx_word' id='word_1_274' title='bbox 122 2935 161 2972; x_wconf 86' lang='lat' dir='ltr'>ns</span> <span class='ocrx_word' id='word_1_275' title='bbox 186 2937 219 2972; x_wconf 92' lang='lat' dir='ltr'>m.</span> <span class='ocrx_word' id='word_1_276' title='bbox 244 2922 276 2988; x_wconf 83' lang='lat'>2)</span> <span class='ocrx_word' id='word_1_277' title='bbox 299 2920 334 2974; x_wconf 91' lang='lat' dir='ltr'><strong><em>N</em></strong></span> <span class='ocrx_word' id='word_1_278' title='bbox 354 2918 359 2992; x_wconf 82' lang='grc' dir='ltr'>Ι</span> <span class='ocrx_word' id='word_1_279' title='bbox 383 2919 701 2992; x_wconf 79' lang='lat' dir='ltr'>incitatissimmumlum</span> <span class='ocrx_word' id='word_1_280' title='bbox 727 2922 819 2989; x_wconf 77' lang='lat' dir='ltr'>(prims</span> <span class='ocrx_word' id='word_1_281' title='bbox 841 2938 920 2974; x_wconf 90' lang='lat' dir='ltr'>mum</span> <span class='ocrx_word' id='word_1_282' title='bbox 941 2922 1059 2989; x_wconf 79' lang='lat' dir='ltr'>erasum)</span> <span class='ocrx_word' id='word_1_283' title='bbox 1083 2921 1114 2974; x_wconf 98' lang='grc' dir='ltr'><strong><em>Β</em></strong></span> <span class='ocrx_word' id='word_1_284' title='bbox 1132 2921 1143 2993; x_wconf 72' lang='lat' dir='ltr'>ll</span> 
     </span>
     <span class='ocr_line' id='line_1_32' title="bbox 124 2989 1143 3062; baseline 0.005 -20"><span class='ocrx_word' id='word_1_285' title='bbox 124 2995 139 3042; x_wconf 84' lang='grc'><strong><em>7</em></strong></span> <span class='ocrx_word' id='word_1_286' title='bbox 157 2989 222 3044; x_wconf 91' lang='lat' dir='ltr'>ideo</span> <span class='ocrx_word' id='word_1_287' title='bbox 242 2989 305 3058; x_wconf 90' lang='lat' dir='ltr'>quis</span> <span class='ocrx_word' id='word_1_288' title='bbox 324 2991 364 3059; x_wconf 83' lang='grc'>01</span> <span class='ocrx_word' id='word_1_289' title='bbox 381 2991 602 3045; x_wconf 74' lang='lat' dir='ltr'>adolescentiam</span> <span class='ocrx_word' id='word_1_290' title='bbox 615 2993 642 3045; x_wconf 89' lang='lat' dir='ltr'><strong><em>L</em></strong></span> <span class='ocrx_word' id='word_1_291' title='bbox 655 2995 665 3059; x_wconf 72' lang='grc' dir='ltr'><strong>ῃ</strong></span> <span class='ocrx_word' id='word_1_292' title='bbox 679 2998 695 3044; x_wconf 89' lang='grc'>8</span> <span class='ocrx_word' id='word_1_293' title='bbox 711 2992 785 3045; x_wconf 66' lang='lat' dir='ltr'>clt-</span> <span class='ocrx_word' id='word_1_294' title='bbox 801 2991 950 3047; x_wconf 82' lang='lat' dir='ltr'>Oducenti</span> <span class='ocrx_word' id='word_1_295' title='bbox 963 3008 1005 3062; x_wconf 79' lang='lat' dir='ltr'>op.</span> <span class='ocrx_word' id='word_1_296' title='bbox 1020 2992 1030 3060; x_wconf 93' lang='lat' dir='ltr'>l</span> <span class='ocrx_word' id='word_1_297' title='bbox 1044 2995 1060 3042; x_wconf 86' lang='grc'><strong>9</strong></span> <span class='ocrx_word' id='word_1_298' title='bbox 1074 2989 1143 3060; x_wconf 82' lang='lat' dir='ltr'>ipsa</span> 
     </span>
     <span class='ocr_line' id='line_1_33' title="bbox 122 3060 1143 3131; baseline 0.004 -17"><span class='ocrx_word' id='word_1_299' title='bbox 122 3077 172 3114; x_wconf 94' lang='lat' dir='ltr'>om.</span> <span class='ocrx_word' id='word_1_300' title='bbox 193 3061 220 3115; x_wconf 94' lang='lat' dir='ltr'><strong><em>L</em></strong></span> <span class='ocrx_word' id='word_1_301' title='bbox 245 3062 249 3129; x_wconf 82' lang='grc'><strong>1</strong></span> <span class='ocrx_word' id='word_1_302' title='bbox 274 3060 406 3115; x_wconf 90' lang='lat' dir='ltr'>iuuentus</span> <span class='ocrx_word' id='word_1_303' title='bbox 425 3063 453 3116; x_wconf 95' lang='grc' dir='ltr'><strong><em>Β</em></strong></span> <span class='ocrx_word' id='word_1_304' title='bbox 475 3065 484 3131; x_wconf 87' lang='grc' dir='ltr'>ΙΙ</span> <span class='ocrx_word' id='word_1_305' title='bbox 509 3067 541 3116; x_wconf 92' lang='grc'>10</span> <span class='ocrx_word' id='word_1_306' title='bbox 561 3061 701 3131; x_wconf 89' lang='lat' dir='ltr'>quaedam</span> <span class='ocrx_word' id='word_1_307' title='bbox 719 3078 770 3117; x_wconf 89' lang='lat' dir='ltr'>om.</span> <span class='ocrx_word' id='word_1_308' title='bbox 789 3065 830 3131; x_wconf 84' lang='lat' dir='ltr'>R,</span> <span class='ocrx_word' id='word_1_309' title='bbox 849 3070 879 3118; x_wconf 86' lang='lat' dir='ltr'>at</span> <span class='ocrx_word' id='word_1_310' title='bbox 891 3081 915 3118; x_wconf 86' lang='lat' dir='ltr'>o.</span> <span class='ocrx_word' id='word_1_311' title='bbox 933 3064 955 3116; x_wconf 95' lang='lat' dir='ltr'><strong><em>I</em></strong></span> <span class='ocrx_word' id='word_1_312' title='bbox 966 3069 1041 3129; x_wconf 87' lang='lat'><strong><em>3,1,·</em></strong></span> <span class='ocrx_word' id='word_1_313' title='bbox 1056 3065 1087 3130; x_wconf 86' lang='grc'>7,·</span> <span class='ocrx_word' id='word_1_314' title='bbox 1106 3068 1143 3118; x_wconf 86' lang='grc'>8·</span> 
     </span>
     <span class='ocr_line' id='line_1_34' title="bbox 122 3107 1143 3203; baseline 0.003 -17"><span class='ocrx_word' id='word_1_315' title='bbox 122 3137 169 3200; x_wconf 77' lang='grc'>13,</span> <span class='ocrx_word' id='word_1_316' title='bbox 183 3137 216 3196; x_wconf 87' lang='grc'>3,·</span> <span class='ocrx_word' id='word_1_317' title='bbox 235 3136 334 3200; x_wconf 82' lang='lat'><strong><em>23,1;</em></strong></span> <span class='ocrx_word' id='word_1_318' title='bbox 351 3134 391 3186; x_wconf 93' lang='lat' dir='ltr'>II</span> <span class='ocrx_word' id='word_1_319' title='bbox 404 3137 450 3201; x_wconf 84' lang='lat'>13,</span> <span class='ocrx_word' id='word_1_320' title='bbox 465 3137 482 3187; x_wconf 87' lang='lat'><em>3</em></span> <span class='ocrx_word' id='word_1_321' title='bbox 498 3136 502 3202; x_wconf 89' lang='grc' dir='ltr'>Ι</span> <span class='ocrx_word' id='word_1_322' title='bbox 518 3132 669 3187; x_wconf 78' lang='lat' dir='ltr'>maturitas</span> <span class='ocrx_word' id='word_1_323' title='bbox 683 3133 782 3201; x_wconf 85' lang='lat' dir='ltr'>(atmit</span> <span class='ocrx_word' id='word_1_324' title='bbox 795 3136 827 3188; x_wconf 84' lang='lat' dir='ltr'>im</span> <span class='ocrx_word' id='word_1_325' title='bbox 840 3136 906 3203; x_wconf 81' lang='lat' dir='ltr'>ras.)</span> <span class='ocrx_word' id='word_1_326' title='bbox 920 3134 948 3187; x_wconf 95' lang='grc' dir='ltr'><strong><em>Β</em></strong></span> <span class='ocrx_word' id='word_1_327' title='bbox 971 3136 980 3202; x_wconf 83' lang='grc' dir='ltr'>ΙΙ</span> <span class='ocrx_word' id='word_1_328' title='bbox 1003 3138 1035 3186; x_wconf 88' lang='grc'>11</span> <span class='ocrx_word' id='word_1_329' title='bbox 1060 3107 1143 3189; x_wconf 82' lang='lat' dir='ltr'>haud</span> 
     </span>
     <span class='ocr_line' id='line_1_35' title="bbox 122 3202 1142 3273; baseline 0.005 -17"><span class='ocrx_word' id='word_1_330' title='bbox 122 3202 163 3256; x_wconf 69' lang='lat' dir='ltr'>Bi</span> <span class='ocrx_word' id='word_1_331' title='bbox 182 3204 232 3257; x_wconf 90' lang='lat' dir='ltr'>aut</span> <span class='ocrx_word' id='word_1_332' title='bbox 249 3204 277 3258; x_wconf 93' lang='lat' dir='ltr'><strong><em>L</em></strong></span> <span class='ocrx_word' id='word_1_333' title='bbox 292 3207 296 3271; x_wconf 82' lang='grc' dir='ltr'>Ι</span> <span class='ocrx_word' id='word_1_334' title='bbox 314 3203 381 3257; x_wconf 89' lang='lat' dir='ltr'>anni</span> <span class='ocrx_word' id='word_1_335' title='bbox 401 3218 468 3258; x_wconf 86' lang='lat' dir='ltr'>-cc·</span> <span class='ocrx_word' id='word_1_336' title='bbox 490 3203 532 3272; x_wconf 67' lang='lat' dir='ltr'>Ol</span> <span class='ocrx_word' id='word_1_337' title='bbox 548 3210 580 3258; x_wconf 79' lang='lat'>12</span> <span class='ocrx_word' id='word_1_338' title='bbox 601 3204 693 3273; x_wconf 89' lang='lat' dir='ltr'>adque</span> <span class='ocrx_word' id='word_1_339' title='bbox 707 3205 735 3258; x_wconf 94' lang='grc' dir='ltr'><strong><em>Β</em></strong></span> <span class='ocrx_word' id='word_1_340' title='bbox 749 3207 758 3271; x_wconf 80' lang='grc' dir='ltr'>ΙΙ</span> <span class='ocrx_word' id='word_1_341' title='bbox 773 3210 807 3258; x_wconf 81' lang='grc'>14</span> <span class='ocrx_word' id='word_1_342' title='bbox 826 3206 970 3259; x_wconf 88' lang='lat' dir='ltr'>senectute</span> <span class='ocrx_word' id='word_1_343' title='bbox 988 3206 1021 3258; x_wconf 85' lang='lat' dir='ltr'>im</span> <span class='ocrx_word' id='word_1_344' title='bbox 1038 3202 1142 3260; x_wconf 87' lang='lat' dir='ltr'>iuuen-</span> 
     </span>
     <span class='ocr_line' id='line_1_36' title="bbox 122 3274 1143 3345; baseline 0.007 -18"><span class='ocrx_word' id='word_1_345' title='bbox 122 3275 184 3328; x_wconf 89' lang='lat' dir='ltr'>tute</span> <span class='ocrx_word' id='word_1_346' title='bbox 199 3292 268 3330; x_wconf 82' lang='lat' dir='ltr'>com.</span> <span class='ocrx_word' id='word_1_347' title='bbox 283 3276 311 3329; x_wconf 96' lang='grc' dir='ltr'><strong><em>Β</em></strong></span> <span class='ocrx_word' id='word_1_348' title='bbox 329 3274 473 3329; x_wconf 81' lang='lat' dir='ltr'>iuventate</span> <span class='ocrx_word' id='word_1_349' title='bbox 488 3274 629 3345; x_wconf 78' lang='lat' dir='ltr'>Semppias</span> <span class='ocrx_word' id='word_1_350' title='bbox 645 3278 649 3345; x_wconf 76' lang='grc' dir='ltr'>Ι</span> <span class='ocrx_word' id='word_1_351' title='bbox 664 3274 784 3329; x_wconf 85' lang='lat' dir='ltr'>reuiruit</span> <span class='ocrx_word' id='word_1_352' title='bbox 796 3277 824 3330; x_wconf 96' lang='grc' dir='ltr'><strong><em>Β</em></strong></span> <span class='ocrx_word' id='word_1_353' title='bbox 838 3279 847 3345; x_wconf 75' lang='lat' dir='ltr'>ll</span> <span class='ocrx_word' id='word_1_354' title='bbox 863 3281 895 3330; x_wconf 80' lang='lat'>15</span> <span class='ocrx_word' id='word_1_355' title='bbox 909 3278 962 3330; x_wconf 82' lang='lat' dir='ltr'>im.</span> <span class='ocrx_word' id='word_1_356' title='bbox 977 3276 1000 3328; x_wconf 99' lang='lat' dir='ltr'><strong><em>I</em></strong></span> <span class='ocrx_word' id='word_1_357' title='bbox 1011 3277 1014 3343; x_wconf 90' lang='grc' dir='ltr'>Ι</span> <span class='ocrx_word' id='word_1_358' title='bbox 1032 3276 1061 3328; x_wconf 92' lang='lat' dir='ltr'>et</span> <span class='ocrx_word' id='word_1_359' title='bbox 1074 3283 1143 3334; x_wconf 68' lang='lat' dir='ltr'>anm</span> 
     </span>
     <span class='ocr_line' id='line_1_37' title="bbox 121 3343 1186 3416; baseline 0.006 -18"><span class='ocrx_word' id='word_1_360' title='bbox 121 3343 171 3399; x_wconf 89' lang='lat' dir='ltr'>ille</span> <span class='ocrx_word' id='word_1_361' title='bbox 190 3348 327 3413; x_wconf 77' lang='lat' dir='ltr'>capomatii</span> <span class='ocrx_word' id='word_1_362' title='bbox 345 3347 371 3400; x_wconf 92' lang='lat' dir='ltr'><strong><em>L</em></strong></span> <span class='ocrx_word' id='word_1_363' title='bbox 394 3350 403 3416; x_wconf 75' lang='lat' dir='ltr'>{l</span> <span class='ocrx_word' id='word_1_364' title='bbox 428 3352 460 3402; x_wconf 86' lang='lat'>16</span> <span class='ocrx_word' id='word_1_365' title='bbox 479 3345 549 3400; x_wconf 85' lang='lat' dir='ltr'>hrea</span> <span class='ocrx_word' id='word_1_366' title='bbox 569 3347 655 3401; x_wconf 80' lang='lat' dir='ltr'>Orsa</span> <span class='ocrx_word' id='word_1_367' title='bbox 673 3347 695 3399; x_wconf 95' lang='lat' dir='ltr'><strong><em>I</em></strong></span> <span class='ocrx_word' id='word_1_368' title='bbox 712 3350 722 3414; x_wconf 80' lang='grc' dir='ltr'>ΙΙ</span> <span class='ocrx_word' id='word_1_369' title='bbox 746 3352 777 3400; x_wconf 84' lang='grc'>17</span> <span class='ocrx_word' id='word_1_370' title='bbox 798 3346 991 3401; x_wconf 69' lang='lat' dir='ltr'>confessus‘im</span> <span class='ocrx_word' id='word_1_371' title='bbox 1009 3344 1143 3404; x_wconf 85' lang='lat' dir='ltr'>confessa</span> <span class='ocrx_word' id='word_1_372' title='bbox 1181 3348 1186 3355; x_wconf 86' lang='lat'>&#39;</span> 
     </span>
     <span class='ocr_line' id='line_1_38' title="bbox 122 3415 1143 3488; baseline 0.007 -19"><span class='ocrx_word' id='word_1_373' title='bbox 122 3432 191 3470; x_wconf 84' lang='lat' dir='ltr'>eom.</span> <span class='ocrx_word' id='word_1_374' title='bbox 213 3417 240 3470; x_wconf 93' lang='grc' dir='ltr'><strong><em>Β</em></strong></span> <span class='ocrx_word' id='word_1_375' title='bbox 258 3418 261 3484; x_wconf 80' lang='lat' dir='ltr'>l</span> <span class='ocrx_word' id='word_1_376' title='bbox 283 3416 393 3471; x_wconf 87' lang='lat' dir='ltr'>amullii</span> <span class='ocrx_word' id='word_1_377' title='bbox 411 3419 433 3470; x_wconf 94' lang='lat' dir='ltr'><strong><em>I</em></strong></span> <span class='ocrx_word' id='word_1_378' title='bbox 448 3417 536 3471; x_wconf 88' lang='lat' dir='ltr'>amuli</span> <span class='ocrx_word' id='word_1_379' title='bbox 553 3417 588 3471; x_wconf 93' lang='lat' dir='ltr'><strong><em>N</em></strong></span> <span class='ocrx_word' id='word_1_380' title='bbox 602 3415 702 3470; x_wconf 91' lang='lat' dir='ltr'>amulii</span> <span class='ocrx_word' id='word_1_381' title='bbox 720 3418 755 3472; x_wconf 91' lang='lat' dir='ltr'><strong><em>N</em></strong></span> <span class='ocrx_word' id='word_1_382' title='bbox 758 3418 800 3472; x_wconf 78' lang='lat' dir='ltr'>²L</span> <span class='ocrx_word' id='word_1_383' title='bbox 818 3437 841 3473; x_wconf 81' lang='lat' dir='ltr'>c.</span> <span class='ocrx_word' id='word_1_384' title='bbox 864 3417 891 3472; x_wconf 83' lang='lat'>0.</span> <span class='ocrx_word' id='word_1_385' title='bbox 911 3419 935 3472; x_wconf 94' lang='lat' dir='ltr'>I.</span> <span class='ocrx_word' id='word_1_386' title='bbox 955 3417 989 3471; x_wconf 90' lang='lat' dir='ltr'>L.</span> <span class='ocrx_word' id='word_1_387' title='bbox 1009 3417 1059 3471; x_wconf 92' lang='lat' dir='ltr'>IV</span> <span class='ocrx_word' id='word_1_388' title='bbox 1074 3422 1143 3488; x_wconf 84' lang='grc'><strong><em>737,</em></strong></span> 
     </span>
     <span class='ocr_line' id='line_1_39' title="bbox 128 3486 1144 3558; baseline 0.007 -19"><span class='ocrx_word' id='word_1_389' title='bbox 128 3486 208 3540; x_wconf 89' lang='lat' dir='ltr'><strong><em>VIII</em></strong></span> <span class='ocrx_word' id='word_1_390' title='bbox 214 3493 278 3555; x_wconf 82' lang='lat'><strong><em>717,</em></strong></span> <span class='ocrx_word' id='word_1_391' title='bbox 292 3489 323 3542; x_wconf 91' lang='lat' dir='ltr'>X</span> <span class='ocrx_word' id='word_1_392' title='bbox 330 3492 406 3543; x_wconf 77' lang='lat'><em>2045</em></span> <span class='ocrx_word' id='word_1_393' title='bbox 420 3489 490 3543; x_wconf 80' lang='lat' dir='ltr'>attat</span> <span class='ocrx_word' id='word_1_394' title='bbox 505 3492 509 3558; x_wconf 80' lang='grc' dir='ltr'>Ι</span> <span class='ocrx_word' id='word_1_395' title='bbox 525 3487 600 3557; x_wconf 88' lang='lat' dir='ltr'>regis</span> <span class='ocrx_word' id='word_1_396' title='bbox 610 3505 660 3543; x_wconf 85' lang='lat' dir='ltr'>om.</span> <span class='ocrx_word' id='word_1_397' title='bbox 673 3489 715 3558; x_wconf 82' lang='grc' dir='ltr'>ΟΙΙ</span> <span class='ocrx_word' id='word_1_398' title='bbox 732 3493 763 3542; x_wconf 88' lang='grc'>18</span> <span class='ocrx_word' id='word_1_399' title='bbox 778 3488 905 3543; x_wconf 88' lang='lat' dir='ltr'>abiectus</span> <span class='ocrx_word' id='word_1_400' title='bbox 920 3487 950 3541; x_wconf 90' lang='lat' dir='ltr'>in</span> <span class='ocrx_word' id='word_1_401' title='bbox 961 3488 985 3543; x_wconf 80' lang='lat'><em>0</em></span> <span class='ocrx_word' id='word_1_402' title='bbox 995 3489 1085 3543; x_wconf 79' lang='lat' dir='ltr'>messio</span> <span class='ocrx_word' id='word_1_403' title='bbox 1100 3507 1144 3546; x_wconf 73' lang='lat' dir='ltr'>aa</span> 
     </span>
    </p>
   </div>
   <div class='ocr_carea' id='block_1_5' title="bbox 107 3556 1143 3632">
    <p class='ocr_par' dir='ltr' id='par_1_10' title="bbox 107 3556 1143 3632">
     <span class='ocr_line' id='line_1_40' title="bbox 107 3556 1143 3632; baseline 0.011 -26"><span class='ocrx_word' id='word_1_404' title='bbox 107 3556 312 3613; x_wconf 59' lang='lat' dir='ltr'>artabatice</span> <span class='ocrx_word' id='word_1_405' title='bbox 320 3557 351 3613; x_wconf 82' lang='lat' dir='ltr'>in</span> <span class='ocrx_word' id='word_1_406' title='bbox 358 3560 423 3628; x_wconf 80' lang='lat' dir='ltr'>Ief.</span> <span class='ocrx_word' id='word_1_407' title='bbox 434 3559 665 3632; x_wconf 71' lang='lat' dir='ltr'>Qeimt.IHi,5;</span> <span class='ocrx_word' id='word_1_408' title='bbox 675 3561 769 3616; x_wconf 73' lang='lat' dir='ltr'>decit.</span> <span class='ocrx_word' id='word_1_409' title='bbox 779 3561 953 3627; x_wconf 58' lang='lat' dir='ltr'>illustr.1„2;</span> <span class='ocrx_word' id='word_1_410' title='bbox 963 3559 1143 3617; x_wconf 64' lang='lat' dir='ltr'>damnive</span> 
     </span>
    </p>
   </div>
   <div class='ocr_carea' id='block_1_6' title="bbox 0 0 1222 3826">
    <p class='ocr_par' dir='ltr' id='par_1_11' title="bbox 0 0 1222 3826">
     <span class='ocr_line' id='line_1_41' title="bbox 0 0 1222 3826; baseline 0 0"><span class='ocrx_word' id='word_1_411' title='bbox 0 0 1222 3826; x_wconf 95' lang='lat' dir='ltr'> </span> 
     </span>
    </p>
   </div>
  </div>
 </body>
</html>
