2436 3826
105 177 170 242 192

120 336 195 392 circa
222 337 364 392 Bruttium
396 355 421 392 a.
452 339 581 410 Spartaci

121 407 194 462 servi
213 408 284 462 clusi
303 414 362 478 129,
378 415 394 463 6

102 487 263 557 Anicius,
304 491 432 559 praetor,
474 490 583 562 subigit

119 558 230 626 illyrios
250 565 323 629 72,7

102 638 268 694 animalia
305 639 445 709 quaedam
477 658 580 711 aquam

119 712 279 780 terramque
297 711 425 766 incolunt
444 717 503 782 102,
518 719 536 766 4

101 799 178 867 apud
187 798 352 854 Anienem
365 800 482 855 flurium
495 801 580 856 truci-

119 868 180 923 dati
198 868 275 924 Galli
293 877 335 940 26,
352 876 375 927 9,
402 889 484 942 agros
499 873 580 927 Sabi·

117 957 217 994 norum
226 940 253 994 ei
260 942 368 997 ricinos
377 945 474 998 vastat
481 943 579 999 Curius

117 1010 257 1066 Dentatus
276 1018 318 1082 28,
334 1019 349 1066 2

100 1089 131 1144 in
150 1091 334 1147 annalibus
357 1096 423 1148 sunt
444 1094 578 1148 Horatius

117 1161 226 1217 Mucius
241 1163 348 1219 Cloelia
364 1170 457 1233 17,14.
484 1181 579 1219 eorum

117 1234 186 1288 fides
205 1234 326 1302 laborat,
345 1237 377 1289 ut
388 1234 472 1290 Veios
491 1235 578 1291 fuisse

118 1304 263 1359 credamus
282 1312 373 1376 12,13

98 1384 250 1440 Annibal
268 1405 294 1440 v.
313 1386 458 1440 Hannibal

98 1464 193 1519 Anno
211 1485 237 1520 v.
256 1466 358 1521 Hanno

99 1561 198 1598 anser
233 1545 370 1599 Manlium
407 1545 578 1617 Capitolium

115 1615 320 1670 custodientem
338 1618 445 1672 excitat
463 1624 506 1688 15,
521 1624 537 1672 5

97 1704 289 1759 Antiochus
312 1723 453 1777 magnus
473 1707 578 1778 excipit

114 1775 277 1845 Philippum
290 1782 386 1846 64,11,
409 1778 481 1832 nihil
499 1778 576 1834 ineo

115 1846 267 1916 speciosius
287 1866 373 1916 quam
391 1850 466 1917 quod
485 1867 502 1904 a
520 1851 575 1905 Bo-

114 1917 205 1971 manis
230 1917 322 1973 victus
348 1923 391 1974 cst
416 1926 463 1988 65,
483 1927 507 1976 3.
545 1921 575 1976 in

114 1987 219 2042 bellum
237 1989 395 2045 Romanum
420 1992 575 2063 impellitur

114 2059 277 2115 aThcante
300 2064 329 2116 et
354 2063 390 2116 ab
413 2063 574 2119 Hannibale

114 2135 160 2198 65,
185 2136 209 2185 5.
247 2132 317 2186 satis
349 2133 436 2188 habet
466 2135 574 2189 bellum

112 2208 390 2271 moverc65,12.17.
410 2205 439 2258 fu
461 2207 526 2260 atur
540 2223 574 2260 ex

113 2271 231 2327 Graecia
255 2274 291 2327 ab
310 2274 401 2329 Acilio
421 2224 573 2331 Glabrione

113 2349 155 2412 66,
167 2350 191 2400 6.
215 2345 275 2400 eius
290 2344 388 2400 classis
402 2347 439 2400 ab
451 2347 572 2403 Aemilio

111 2415 222 2485 Regillo
247 2415 374 2470 funditur
393 2423 492 2486 66,11.
526 2420 573 2473 de-

112 2485 235 2540 bellatur
253 2503 270 2540 a
289 2486 426 2557 Scipione,
445 2489 573 2544 Africani

112 2556 207 2626 fratre,
227 2558 264 2611 ad
277 2558 462 2613 Maeandrum
476 2567 571 2631 66,15.

110 2645 210 2698 pacem
227 2631 391 2700 partemque
405 2632 485 2702 regni
500 2633 572 2688 acci-

110 2699 154 2769 pit
172 2705 245 2769 67,8

94 2787 121 2843 C.
137 2789 312 2844 Antistius
326 2791 448 2863 Augusti
464 2793 494 2846 in
508 2792 571 2847 His·

109 2860 196 2928 pania
210 2861 316 2915 bellum
327 2863 450 2932 gerentis
460 2864 571 2934 legatus

114 2936 172 2999 170,
188 2937 221 2984 11

92 3019 251 3088 Antium,
302 3021 378 3075 Latii
428 3023 569 3094 oppidum.

110 3091 207 3145 classis
222 3091 282 3145 eius
296 3095 387 3147 rostra
396 3092 426 3147 in
436 3098 571 3165 suggestu

109 3162 164 3216 fori
181 3163 238 3217 fixa
257 3169 330 3232 20,3

91 3250 569 3324 C.Antonius,fraterHIviri,

109 3320 248 3378 Curictico
262 3324 345 3380 litore
359 3327 452 3380 castra
466 3343 569 3396 ponere

109 3409 126 3447 a
153 3394 285 3464 Pompeio
318 3396 409 3450 iussus
438 3402 501 3467 143,
527 3404 567 3453 16.

105 3464 280 3520 deditionem
308 3467 334 3521 ei
362 3467 450 3523 fames
478 3472 569 3524 extor-

91 3538 166 3602 quet
183 3542 246 3608 143,
263 3543 300 3594 19

552 183 668 236 INDEX

635 343 663 397 C.
682 344 851 400 Antonius
870 348 1025 416 Hybrida
1048 354 1120 419 (cos.

653 418 698 485 63)
724 415 862 472 Catilinae
891 419 1120 477 coniurationem

652 503 739 541 manu
752 489 886 558 opprimit
896 496 1118 562 137,13.138,12

635 558 672 612 M.
698 558 869 614 Antonius
901 564 1017 616 orator
1046 567 1118 634 (cos.

654 632 706 699 99),
727 629 786 684 sius
800 634 887 701 caput
900 633 930 686 in
939 634 1023 688 Marii
1038 653 1119 690 men·

652 699 690 753 010
709 701 858 771 exponitur
878 709 985 772 131,17

633 771 1118 834 M.AntoniusIHviraCaesare

652 859 715 896 cum
728 845 810 913 parte
822 846 959 900 exercitus
969 847 1118 904 Brundisii

651 913 766 969 relictus
781 920 889 984 144,17.
909 916 1023 971 Caesari
1032 922 1118 989 regni

650 984 775 1055 insignia
793 986 875 1040 offert
894 992 953 1057 154,
969 996 993 1042 6.
1018 1006 1118 1044 aemn-

650 1055 694 1109 lus
733 1056 919 1112 Caesarianae
959 1061 1116 1131 potentiae,

650 1125 699 1180 fax
713 1130 742 1181 et
755 1128 837 1182 turbo
849 1130 991 1198 sequentis
1006 1134 1117 1187 saeculi

651 1203 710 1265 155,
725 1203 750 1254 2.
769 1199 865 1253 varius
883 1200 997 1271 ingenio
1013 1208 1072 1271 155,
1087 1210 1113 1260 5,

650 1269 748 1323 consul
761 1287 826 1324 cum
835 1271 985 1327 Dolabella
996 1279 1057 1343 155,
1069 1281 1113 1330 14.

650 1341 788 1395 secundus
812 1342 939 1397 Caesaris
962 1344 1043 1398 heres
1069 1346 1113 1399 in-

650 1414 774 1466 sectatur
811 1413 959 1469 Octavium
996 1420 1061 1485 156,
1087 1424 1112 1472 3.

648 1482 795 1537 Decimum
830 1485 948 1538 Brutum
983 1487 1113 1542 Mutinae

649 1554 875 1625 obsidet156,12.
891 1557 1002 1611 exuitur
1009 1559 1112 1613 castris

649 1625 685 1679 ab
697 1625 928 1696 Octavi0156,16.
944 1628 1004 1682 eius
1013 1647 1111 1699 pessu-

648 1713 726 1749 mum
747 1697 892 1767 ingenium
913 1698 1015 1754 Fulvia
1040 1718 1112 1755 uxor

649 1773 753 1836 157,1.
783 1769 873 1823 hostis
899 1787 917 1824 a
943 1775 1042 1826 senatu
1066 1771 1110 1826 in-

648 1838 758 1894 dicatus
782 1842 812 1893 ct
832 1841 868 1894 ab
888 1840 1005 1897 Octavio
1024 1843 1109 1898 Peru-

647 1909 706 1964 siae
728 1911 976 1981 ο1)000000157,4.
1030 1931 1109 1968 acem

645 1980 717 2035 facit
735 1999 798 2036 cum
817 1982 935 2037 Octavio
955 1987 983 2039 ct
1024 1985 1108 2056 opido

647 2058 759 2121 157,15,
779 2054 949 2109 avunculum
957 2057 1110 2127 proscribit

647 2128 706 2188 158,
721 2129 744 2178 6.
773 2142 836 2178 curn
855 2125 973 2181 Octauio
992 2127 1022 2180 in
1041 2126 1108 2181 Cas-

646 2193 719 2248 sium
737 2195 910 2265 Brutumque
935 2198 1109 2268 succingitur·

647 2270 759 2346 15910.
780 2269 1016 2323 sectorbonorum
1025 2270 1107 2324 Pom-

643 2345 977 2532 &afflatur
988 2358 1107 2482 1088

670 2478 802 2549 entidius,
821 2479 881 2535 cius
900 2482 1019 2552 legatus,
1039 2483 1106 2538 Par·

643 2549 708 2604 thos
739 2550 828 2605 vincit
861 2559 924 2622 164,
945 2560 968 2608 5,
1005 2555 1106 2609 foedus

644 2637 707 2674 cum
736 2622 848 2677 Parthis
880 2623 951 2678 facit
979 2631 1107 2694 164,18.

643 2690 679 2745 110
704 2693 809 2748 bellum
833 2694 919 2749 infert
943 2701 1002 2765 165,
1017 2703 1041 2751 3.
1075 2697 1106 2750 in

644 2763 754 2832 Syriam
767 2764 873 2836 refugit
888 2772 948 2836 166,
958 2774 982 2822 9.
1005 2770 1104 2837 captus

644 2850 737 2889 amore
770 2834 936 2908 Cleopatrae
970 2845 1033 2908 166,
1062 2845 1104 2894 15.

642 2904 758 2976 fugatur
788 2908 824 2961 ad
853 2909 966 2963 Actium
994 2915 1058 2979 168,
1079 2916 1104 2967 8.

642 2994 742 3031 manus
775 2978 830 3032 sibi
862 2979 948 3034 infert
981 2986 1104 3048 168,11.

642 3047 723 3102 iuxta
736 3065 800 3103 eum
810 3050 960 3121 Cleopatra
975 3068 1004 3105 00
1018 3051 1105 3106 inter-

641 3118 702 3172 ficis
722 3125 829 3188 10010

624 3189 720 3244 anuli
761 3207 779 3245 a
816 3192 968 3262 Tarquinio
1007 3194 1104 3250 Prisco

640 3261 854 3331 magistratibus
891 3265 952 3318 dati
990 3271 1035 3333 12,
1061 3272 1103 3321 13.

641 3347 736 3386 eorum
747 3334 801 3389 duo
815 3335 904 3389 modii
918 3352 952 3390 cx
963 3335 1105 3392 Cannensi

640 3403 1104 3476 cladsCarthaginemmiss154,20.

641 3477 754 3529 senatus
769 3494 867 3531 aurum
880 3481 992 3548 praeter
1002 3480 1104 3534 anulos

642 3546 750 3601 aerario
780 3548 868 3602 tradit
900 3554 946 3617 55,
970 3556 1011 3605 18.
1054 3568 1104 3606 eos
