2436 3826
93 180 158 234 XIV
402 186 602 236 PRAEFATIO
622 187 793 237 EDITORIS

93 368 163 408 cum
190 351 314 409 Iahnius
345 351 426 412 iusto
454 352 578 412 minoris
607 352 740 428 fecisset,
770 371 831 411 non
861 353 965 423 eadem
993 372 1054 429 qua
1080 354 1107 412 B

94 457 167 497 cura
195 459 271 499 ase
295 443 460 499 tractatum
484 460 547 500 esse
570 441 664 500 libere
687 441 840 518 professus
864 444 910 501 est
919 433 953 522 1).
999 441 1105 518 itaque

93 545 163 586 cum
190 547 246 606 ego
278 529 339 586 iam
366 530 399 587 in
425 529 506 590 Livii
533 530 681 607 periochis
710 549 787 607 quae
816 531 920 591 eodem
951 531 1106 590 volumine

93 617 287 678 continentur
313 619 411 677 multa
438 620 476 678 ab
505 638 539 678 eo
567 620 707 696 neglecta
735 638 799 678 esse
821 619 979 692 vidissem,
1008 620 1106 678 denuo

94 707 188 765 etiam
205 707 329 766 Florum
348 708 463 766 contuli
482 712 513 767 et
531 708 689 784 aliquanto
711 709 801 784 plura
823 709 861 767 ab
884 708 989 767 Iahnio
1014 727 1107 785 quam

93 795 125 853 in
141 795 359 873 Bambergensi
376 797 589 873 praetermissa
607 797 678 856 uidi.
703 797 897 872 supersedere
916 799 1019 857 tamen
1037 816 1106 874 pos-

93 902 160 942 sum
184 885 249 942 eius
272 886 422 945 erroribus
445 885 646 962 exagitandis,
675 886 747 961 quia
770 887 805 944 Ε.
829 885 1037 962 WoelfflinuS,
1060 887 1109 946 vir

92 972 291 1050 clarissimus,
319 977 350 1032 et
376 975 440 1050 ipse
468 975 567 1032 Iahnii
590 974 784 1034 collationem
807 975 961 1052 supplevit
984 977 1015 1034 et
1038 993 1107 1051 gra-

92 1061 216 1120 vissima
244 1081 382 1139 quaeque
411 1082 489 1140 quae
516 1063 674 1124 invenerat
709 1063 855 1138 discipulo
883 1064 906 1122 I.
926 1063 974 1122 W.
992 1063 1107 1122 Bechio

92 1149 124 1207 in
145 1150 334 1225 ephemeride
352 1151 541 1211 Berolinensi
558 1152 743 1229 philologica
756 1152 799 1210 XI
814 1143 932 1233 (1891)
946 1172 975 1228 p.
992 1155 1106 1228 258sq.

93 1239 209 1297 edenda
235 1240 370 1302 tradidit.
415 1243 516 1299 tamen
543 1245 579 1299 ut
605 1240 641 1300 fit
667 1240 703 1299 in
727 1241 951 1317 comparatione
979 1241 1017 1299 ab
1044 1241 1105 1299 alio

92 1327 236 1386 instituta
264 1332 296 1387 et
323 1330 420 1405 operis
450 1330 597 1406 permissa
619 1329 668 1388 hic
692 1348 811 1407 quoque
834 1348 932 1406 pauca
956 1330 1106 1406 quaedam

91 1417 191 1476 minus
219 1420 302 1476 recta
328 1418 445 1496 insunt,
473 1438 550 1495 quae
579 1419 716 1495 quamvis
746 1419 874 1495 leviora,
902 1438 940 1477 ne
972 1419 1040 1495 quis
1065 1421 1103 1477 ab

92 1505 338 1566 adnotationibus
366 1508 439 1566 meis
466 1508 634 1584 discrepare
661 1508 805 1583 miratur,
834 1508 913 1566 infra
941 1508 1105 1566 subiciam:

92 1615 120 1671 p.
142 1597 234 1672 27,9
268 1595 359 1654 huius
391 1596 532 1656 editionis
558 1599 592 1655 ta
619 1600 689 1655 ante
716 1599 837 1670 imperto
865 1615 957 1672 supra
984 1615 1106 1656 versum

92 1684 209 1743 addidit
231 1677 285 1760 N¹;
308 1706 337 1761 p.
356 1688 408 1764 46,
428 1686 446 1744 8
470 1703 585 1744 caccone
602 1689 759 1745 mutatione
778 1679 876 1766 (prior
894 1703 909 1744 c
928 1703 1020 1761 supra
1038 1705 1104 1745 ver·

92 1791 160 1832 sum
182 1794 220 1832 m.
242 1765 285 1852 2.)
313 1793 373 1834 non
399 1778 633 1834 ceccocuautotto
660 1776 775 1853 legitur
800 1775 832 1831 in
862 1773 905 1851 N;
940 1776 1104 1850 p.7e,18

93 1879 158 1920 eam
180 1863 212 1920 in
235 1865 301 1921 ct·
325 1855 397 1943 (non
419 1856 466 1945 ct)
490 1865 621 1925 mutavit
639 1859 693 1940 N¹3
716 1884 745 1940 p.
766 1866 816 1940 78,
839 1865 878 1922 16
903 1880 960 1921 sac
981 1864 1107 1920 uictoria

92 1950 121 2009 N
147 1953 272 2010 uictoria
297 1969 354 2011 suo
379 1945 435 2028 N¹;
471 1972 499 2027 p.
520 1956 575 2028 96,
596 1957 613 2012 7
642 1949 875 2029 spectacuta'N,
903 1952 955 2010 sed
984 1954 1030 2010 cto
1057 1971 1106 2009 ex-

91 2040 201 2115 punxit
223 2032 278 2116 N²;
300 2061 329 2116 p.
350 2043 400 2115 97,
421 2043 439 2100 3
464 2042 510 2099 dis
533 2033 756 2121 3533153331(σὸ
775 2042 919 2116 expunxit
937 2061 975 2100 m.
997 2032 1040 2118 2.)
1060 2040 1106 2116 N3

91 2148 120 2203 p.
143 2130 214 2205 114,
240 2131 279 2189 18
303 2131 397 2187 orante
413 2129 443 2188 N
465 2147 563 2188 comcs
580 2123 630 2187 N².
667 2132 825 2204 praeterea
843 2149 950 2188 eorum
966 2130 1102 2190 locorum

92 2236 231 2294 numero,
259 2218 327 2294 quis
349 2218 479 2277 Beckius
507 2217 642 2277 efficibus
670 2217 744 2276 dicit
772 2209 814 2297 (p.
836 2211 914 2298 259)
943 2221 980 2276 ut
1010 2220 1047 2278 de
1074 2218 1105 2276 N

91 2306 207 2364 iustum
230 2306 374 2365 iudicium
392 2306 465 2364 ferri
482 2307 587 2383 possit,
610 2307 664 2366 hos
683 2305 856 2365 adiciendos
875 2324 940 2364 esse
959 2305 1104 2365 arbitror:

91 2414 120 2470 p.
143 2397 214 2472 105,
234 2397 252 2454 8
276 2412 412 2454 romocws
430 2399 557 2455 terruere
574 2395 603 2454 N
621 2395 713 2454 habet
729 2414 790 2455 non
809 2398 935 2453 terruere
953 2412 1104 2472 romonem

43 2514 46 2519 ·
90 2504 120 2559 p.
138 2485 248 2560 133‚3
273 2485 343 2542 bello
366 2503 426 2543 non
449 2486 514 2544 belli
537 2485 637 2544 estin
659 2483 704 2560 N3
726 2504 756 2560 p.
778 2486 850 2560 152,
870 2486 888 2541 2
912 2484 987 2542 truc
1009 2485 1105 2542 toust·

92 2575 184 2631 tutem
202 2572 231 2630 N
249 2591 309 2632 non
326 2575 499 2633 haesitatum
516 2575 603 2650 ithed3
625 2594 653 2650 p.
671 2575 743 2650 155,
761 2576 800 2632 15
820 2576 914 2631 nectus
932 2574 1060 2630 ciuitatis
1074 2571 1104 2630 N

92 2680 152 2721 non
175 2663 300 2720 ciuitatis
321 2666 427 2740 motum
459 2683 488 2739 p.
511 2665 620 2740 lom
646 2665 750 2722 castris
772 2665 805 2721 tn
828 2664 907 2736 epiro
931 2661 960 2720 N
987 2680 1048 2721 non
1069 2662 1105 2720 tn

92 2752 171 2823 epiro
195 2753 306 2811 eastre.
335 2754 469 2811 ceterum
491 2752 606 2829 gratias
630 2771 686 2829 ago
706 2750 737 2811 Ο.
758 2750 1000 2829 Zangemeistero
1022 2750 1105 2827 quod

92 2858 140 2897 me
173 2840 209 2898 de
238 2842 384 2915 quattuor
415 2840 550 2900 locorum
579 2841 729 2916 scriptura
757 2840 949 2900 dubitantem
976 2840 1105 2917 benigne

94 2928 252 2988 certiorem
275 2928 356 2987 fecit.

159 3018 205 3076 Ex
231 3018 287 3076 hoc
314 3017 392 3076 libro
419 3018 552 3095 reliquos
576 3035 678 3077 omnes
702 3018 837 3077 eiusdem
860 3018 963 3077 classis
987 3018 1103 3077 codices

93 3105 244 3167 derivatos
267 3126 327 3167 non
351 3125 414 3166 3333
438 3126 621 3184 quamquam
638 3106 763 3165 Iahnius
780 3109 975 3183 perspexerat
995 3098 1037 3186 (p.
1052 3097 1094 3184 X)

92 3197 194 3255 tamen
223 3215 298 3273 quos
326 3215 362 3255 ex
386 3196 428 3255 eis
451 3197 555 3273 paullo
579 3196 750 3255 accuratius
773 3198 968 3272 cognoverat,
998 3195 1101 3253 Mona·

93 3301 210 3343 censam
237 3285 461 3344 Baroh'nansem
490 3284 789 3362 Guelpherbytanum
816 3283 1049 3354 Haenelianum‚
1081 3282 1104 3340 ii

93 3376 147 3431 aut
169 3375 368 3434 recentissimi
392 3377 463 3434 sunt
486 3377 540 3434 aut
562 3373 789 3435 mendosissimi.
826 3373 931 3448 itaque
955 3389 1023 3430 cum
1042 3372 1104 3429 iam

167 3562 193 3631 1)
211 3579 238 3630 p.
253 3561 338 3615 VHH.
