2436 3826
146 181 190 246 84
510 181 620 232 mom
638 179 799 232 neironis

146 354 274 409 aetatem
302 345 546 425 transmarinam,
576 361 664 422 quam
693 343 888 404 ducentorum
916 361 1064 404 annorum
1093 343 1168 404 feci-

145 455 226 515 mus,
255 435 378 515 dividat,
407 440 526 494 eentum
549 433 603 492 hos
627 434 757 510 priores,
781 431 890 511 quibus
913 430 1043 492 Africam
1067 431 1167 493 blace-

147 526 278 604 doniam,
307 522 439 582 Siciliam
461 521 634 600 Hispaniam
658 521 785 601 domuit,
812 539 932 600 aureos,
956 522 1034 580 sicut
1057 528 1168 599 poetae

112 627 128 674 3
148 620 267 693 canunt,
290 615 355 671 iure
379 613 546 688 meritoque
570 610 704 691 fateatur,
728 615 849 669 centum
868 616 1028 688 sequentes
1048 609 1168 670 ferreos

146 702 233 782 plane
257 707 287 761 et
310 707 459 779 cruentos,
483 706 513 758 et
536 698 634 776 siquid
657 700 816 758 inmanius.
854 700 963 777 quippe
987 699 1040 776 qui
1058 697 1167 777 lugur-
1192 711 1205 752 a

147 792 239 851 thinis
259 788 416 849 Cimbricis
436 787 645 847 Mithridaticis
664 786 809 847 Parthicis
827 788 962 866 piraticis
980 785 1078 868 bellis,
1098 785 1169 848 Gal·

147 879 214 939 licis
229 885 316 956 atque
332 877 526 956 Germanicis,
546 874 653 953 quibus
668 875 783 935 caelum
798 877 898 955 ipsum
912 874 1005 953 gloria
1019 876 1168 957 ascendit,

149 966 335 1026 Gracchanas
367 965 588 1042 Drusianasque
620 964 740 1043 caedeS,
777 964 813 1023 ad
845 964 902 1024 boc
934 962 1055 1024 servilia
1087 963 1168 1024 bella

113 1067 131 1114 4
149 1056 326 1114 miscuerint
348 1059 386 1133 et,
409 1071 447 1112 ne
472 1052 535 1130 quit
554 1052 733 1130 turpitudini
752 1053 838 1133 desit,
861 1051 1042 1130 gladiatoria.
1081 1051 1167 1112 deni-

150 1160 207 1221 que
238 1144 270 1201 in
294 1159 325 1200 se
349 1143 413 1219 ipse
438 1157 598 1200 conversus
622 1139 760 1200 Marianis
784 1148 872 1219 atque
896 1139 1037 1220 Syllanis,
1066 1144 1205 1201 novis-1⁰

151 1233 225 1290 sime
253 1229 376 1307 Pompei
409 1235 438 1289 et
466 1228 601 1289 Caesaris
628 1229 765 1289 manibus
799 1230 884 1308 quasi
911 1247 966 1308 per
992 1227 1109 1290 rabiem
1138 1237 1168 1290 et

116 1319 284 1380 slurorem
313 1352 354 1359 —
382 1319 465 1378 nefas
493 1351 536 1359 —
566 1324 660 1377 semet
696 1320 760 1396 ipse
798 1317 945 1377 lacerarit.
999 1335 1075 1396 quae
1109 1320 1167 1378 etsi

151 1410 251 1468 iuncta
284 1409 363 1467 inter
396 1425 427 1467 se
461 1412 529 1466 sunt
561 1408 660 1466 omnia
691 1413 779 1485 atque
811 1407 947 1485 conlusa,
977 1412 1078 1466 tamen
1107 1424 1166 1486 qno

149 1495 256 1556 melius
276 1502 445 1575 appareant,
464 1495 553 1555 simul
573 1501 602 1554 et
620 1513 658 1555 ne
678 1494 791 1554 seelera
804 1493 966 1554 virtutibus
981 1494 1166 1576 obstrepant,

150 1587 310 1664 separatim
333 1585 514 1664 referentur,
537 1585 695 1664 priusque,
718 1590 752 1643 ut
775 1585 935 1664 coepimus,
959 1585 1037 1643 iusta
1060 1583 1112 1643 illa
1136 1590 1166 1644 et
1178 1592 1203 1635 1⁶

149 1676 198 1753 pia
226 1690 294 1734 eum
322 1675 432 1734 exteris
461 1672 599 1751 gentibus
622 1671 699 1732 bella
722 1670 967 1752 memorabimus,
995 1678 1028 1731 ut
1051 1674 1166 1751 magni-

150 1763 221 1823 tudo
255 1764 418 1823 ereseentis
450 1762 482 1821 in
496 1795 499 1800 ·
515 1761 578 1820 dies
611 1762 731 1839 imperii
764 1767 918 1841 appareat,
949 1767 1014 1819 tum
1047 1761 1084 1820 ad
1117 1760 1167 1821 illa

151 1853 260 1911 civium
283 1851 397 1911 scelera
419 1857 583 1929 turpesque
607 1856 636 1909 et
659 1851 765 1928 impias
788 1866 902 1927 pugnas
925 1855 1121 1910 revertemur.

224 2061 239 2108 3
260 2054 382 2109 siciliam
400 2073 449 2111 om.
470 2055 498 2109 Β
517 2054 628 2122 Syriam
645 2056 764 2109 Iahnius
789 2057 793 2124 Ι
817 2053 979 2124 hispaniam
996 2071 1054 2111 om..
1067 2055 1095 2110 Β
1118 2058 1128 2126 ΙΙ
1151 2060 1166 2109 5

152 2125 241 2194 siquit
264 2128 287 2195 (t
308 2129 341 2180 a'a
364 2125 382 2178 d
404 2127 522 2181 mutavit
543 2143 577 2179 aa.
597 2127 625 2193 1)
644 2126 672 2178 Β
697 2128 701 2195 Ι
727 2125 877 2180 immanius
900 2127 1032 2195 (priorem
1050 2143 1080 2180 m
1097 2128 1132 2182 ia
1148 2144 1168 2180 n

152 2198 271 2251 mutavit
297 2215 330 2252 m.
356 2199 382 2266 1)
409 2198 437 2252 Β
465 2195 615 2250 immanius
641 2196 676 2249 N
698 2195 840 2250 inmanius
868 2198 1016 2266 (posterior
1043 2196 1054 2250 i
1080 2213 1168 2267 capra

152 2269 267 2336 versam)
295 2267 323 2319 L
351 2268 356 2337 1
386 2266 489 2337 quippe
518 2268 559 2322 bie
585 2267 626 2335 B,
654 2269 702 2322 scd
724 2270 863 2338 pastorias
889 2285 997 2323 eranam
1026 2270 1030 2337 Ι
1062 2268 1133 2338 quip

153 2336 256 2406 quibus
280 2338 412 2393 Halmius
434 2339 513 2404 infra
535 2355 568 2392 ea
586 2339 614 2391 B
635 2345 740 2407 recepto
763 2338 907 2392 miscuerit
932 2341 936 2407 Ι
961 2337 1010 2406 qui
1029 2369 1063 2377 —
1082 2339 1120 2393 be

152 2424 202 2478 ga·
234 2410 308 2462 later
339 2409 511 2463 scribendam
541 2411 574 2463 ia
604 2425 705 2464 rasura
729 2410 758 2464 B
788 2412 792 2479 1
821 2408 992 2479 iugmthinis
1024 2409 1055 2478 (h
1081 2426 1168 2492 capra

152 2481 269 2547 versant)
296 2480 325 2532 Β
353 2478 523 2548 iugurthinis
552 2479 582 2549 (h
608 2498 642 2535 m.
667 2487 683 2535 1
712 2498 799 2550 capra
825 2482 941 2548 oeream)
966 2480 999 2534 N
1018 2482 1027 2549 ΙΙ
1051 2485 1067 2533 6
1092 2497 1168 2549 prra-

153 2547 219 2603 ticis
246 2565 296 2605 om.
323 2549 347 2605 0
369 2553 460 2606 acacio
488 2569 526 2605 aa
553 2568 624 2618 aere,
649 2557 713 2620 post
734 2550 874 2605 Parthicis
899 2552 994 2620 poscit
1016 2552 1138 2607 Iahnius
1162 2552 1166 2623 Ι

151 2626 215 2690 post
243 2619 327 2674 bellis
356 2623 498 2690 lucanam,
525 2639 580 2690 qna
602 2623 668 2677 baec
689 2625 745 2690 fere
767 2624 861 2677 verba:
890 2620 992 2689 quibus
1016 2638 1096 2675 arma
1119 2638 1169 2692 per

155 2691 251 2746 orbem
272 2693 411 2746 terrarum
434 2691 608 2747 circumtulit
629 2694 729 2748 baana
747 2710 801 2748 esse
816 2699 915 2762 patet,
934 2694 1033 2748 stabat
1051 2694 1168 2748 Momm·

154 2780 245 2904 aar
261 2767 483 2904 arrectae
498 2762 1171 2917 amaricarent

155 2906 274 2959 Sathoc
292 2906 327 2959 N
345 2909 354 2976 ΙΙ
378 2905 557 2960 9miseuerit
574 2906 602 2960 Β
627 2908 631 2975 l
655 2905 761 2974 nequid
779 2906 807 2959 L
831 2907 836 2974 Ι
859 2904 1030 2975 turpitudini
1048 2907 1171 2974 (traici

155 2983 273 3033 correcta
293 2994 327 3032 ea
346 2981 371 3046 e)
390 2978 418 3031 B
438 2979 447 3046 ΙΙ
469 2983 503 3031 10
522 2975 749 3046 sillanisBllll
770 2978 880 3031 etanta
898 2976 978 3031 nefas
997 2977 1061 3031 add.
1084 2975 1172 3031 Ohei

154 3046 235 3101 nefas
253 3047 401 3103 Acidaliae
423 3049 432 3117 ll
456 3054 489 3101 12
510 3047 569 3119 Qup
588 3047 642 3101 etsi
660 3048 688 3101 L
711 3049 783 3102 Voss.
803 3047 885 3115 quasi
902 3049 931 3100 Β
950 3046 1037 3115 quaesi
1055 3047 1091 3101 N
1106 3049 1116 3118 ll
1138 3053 1171 3102 18

107 3127 112 3136 '
155 3117 347 3188 interpediunt
374 3116 469 3172 omnia
493 3121 521 3173 Β
549 3122 558 3188 ΙΙ
586 3123 620 3172 15
649 3117 802 3189 separatim
830 3118 879 3186 (im
906 3137 940 3173 oc.
966 3124 983 3172 1
1010 3120 1043 3172 ia
1069 3135 1173 3175 ram

154 3197 284 3259 quattuor
300 3193 343 3247 ael
361 3192 480 3260 qaiaqae
499 3192 663 3258 litterariam)
683 3190 711 3242 B
728 3191 731 3258 Ι
746 3188 934 3258 perferentur:
953 3205 1020 3244 corr.
1037 3189 1173 3246 Halmius

154 3261 331 3344 proferentur
353 3261 440 3386 Repvd.
464 3263 473 3331 ΙΙ
497 3267 530 3314 16
554 3262 681 3316 exteras
705 3263 801 3329 (capra
824 3277 952 3316 rasarone
969 3259 994 3313 ri
1012 3278 1047 3315 m.
1067 3263 1095 3330 1)
1116 3261 1171 3333 ΝΙ

155 3348 371 3388 memoraurmus
