2436 3826
539 191 655 243 INDEX
1037 186 1103 252 233

109 348 412 417 mininoduce63,11.
434 352 568 403 6666666-
623 348 660 402 ad
707 347 938 415 Maeandrum,
990 364 1101 401 amnem

108 421 162 474 tim
179 419 248 473 Asia
268 421 378 490 excepit
396 426 501 490 64,11.
539 436 568 474 se
640 418 738 484 Asiae,
761 418 917 472 Antiochus
936 419 1102 472 consederat

107 509 202 545 rursus
221 491 310 545 erexit
329 496 432 560 69,17,
470 491 568 545 Perses
641 495 731 559 66,19

109 580 172 616 eam
214 562 300 616 semel
336 562 367 615 in
402 564 569 633 perpetuum
623 561 673 630 Sp.
698 560 860 614 Maelium
881 559 1032 630 largitione
1056 578 1101 613 66-

108 633 214 687 victam
245 650 305 687 esse
337 650 394 688 non
425 636 508 704 putat
535 649 570 686 ex
641 634 769 702 spectum
804 631 925 702 populus
957 632 1101 686 Romanus

109 705 203 775 gentis
222 705 362 774 dignitate
382 710 425 773 70,
440 711 465 757 3.
493 704 570 758 idem
640 702 783 772 praesenti
796 705 885 757 morte
900 703 1004 757 multat
1012 708 1056 772 40,
1067 708 1101 756 18

108 776 233 831 M.suam
243 775 328 829 armis
338 776 466 844 ferroque
478 775 570 829 vallat
624 773 652 828 (l.
685 774 842 828 Maenius
876 776 942 844 (cos.
971 779 1033 840 338)
1066 774 1102 827 de

110 853 156 916 70,
180 852 204 901 9.
248 848 285 902 M.
315 847 453 917 deprensa
479 846 568 901 Paulo
640 845 726 899 Antio
746 845 838 915 spolia
854 846 884 906 in
899 847 1033 916 suggestu
1047 844 1102 898 fori
1151 898 1155 908 ,

109 917 222 972 6666616
242 924 283 987 71,
300 924 324 972 1.
351 918 570 988 pulcherrimum
642 916 750 986 suffigit
769 922 842 985 20,4

109 990 143 1043 de
154 989 297 1043 eaPaulus
309 989 387 1044 ducit
395 989 569 1059 triumphum
624 988 661 1041 ad
679 988 833 1042 Maeotin
856 989 950 1042 lacum
967 987 1102 1041 Lucullus

110 1065 205 1129 71,15.
226 1062 324 1116 eodem
339 1061 393 1130 die,
409 1077 463 1130 quo
477 1060 569 1115 victus
640 1059 770 1129 pervenit
789 1064 831 1128 95,
846 1065 863 1112 4

109 1135 153 1185 666
188 1131 286 1186 Perses
316 1129 358 1198 'in
393 1131 569 1200 Macedonia,
623 1130 815 1201 Magabam,
828 1125 958 1186 Galatiae
968 1132 1102 1200 montem,

108 1202 214 1256 Romae
240 1204 385 1274 cognitum
408 1206 451 1258 est
466 1210 511 1271 71,
527 1209 569 1258 29,
641 1201 792 1272 Tectosagi
810 1201 973 1256 insederant
992 1208 1033 1270 69,
1049 1207 1065 1254 8

110 1272 238 1327 Castores
262 1290 280 1327 a
303 1275 340 1328 M.
365 1275 460 1328 venire
483 1274 570 1327 credi·
624 1271 699 1326 inter
716 1273 867 1342 Magram
886 1276 915 1327 66
928 1274 1034 1327 Varum
1052 1273 1103 1327 flu-

110 1345 171 1396 tum
189 1342 274 1414 volgo
295 1350 336 1413 79,
349 1351 373 1398 4.
404 1362 466 1399 eam
486 1344 571 1400 servi·
642 1360 707 1397 men
725 1344 842 1413 Ligures
862 1343 910 1398 siti
929 1349 1004 1414 49,4

112 1416 174 1467 6666
201 1413 307 1468 multat
328 1415 460 1469 Metellus
480 1421 526 1484 73,
547 1420 570 1470 9.
624 1414 839 1468 Maharbalis
872 1414 960 1468 Poeni
993 1414 1100 1468 dictum

112 1501 175 1539 eam
194 1485 307 1539 ordinat
323 1486 399 1540 idem
415 1490 509 1552 76,18.
538 1502 572 1539 ex
644 1484 679 1537 de
697 1484 858 1540 Hannibale
877 1490 950 1554 66,3

110 1572 145 1610 66
155 1555 286 1610 Metellus
301 1573 454 1627 cognomen
463 1573 572 1610 merue—
626 1554 843 1610 maiestatem
858 1558 973 1610 senatus
986 1573 1103 1610 numero

111 1630 157 1681 rat
176 1633 222 1696 79,
238 1634 262 1681 9.
299 1628 424 1682 Africam
445 1628 481 1682 M.
502 1627 571 1683 Sici·
644 1625 765 1695 ampliat
792 1626 960 1695 Tarquinius
991 1627 1103 1680 Priscus

110 1698 180 1752 liam
202 1699 369 1769 Hispaniam
388 1698 408 1754 O
430 1699 570 1769 prioribus
645 1703 691 1766 12,
706 1703 730 1752 3.
773 1699 810 1751 ad
839 1698 998 1767 augendam
1021 1697 1105 1753 liberi

111 1769 192 1824 annis
225 1770 328 1825 aetatis
365 1770 570 1824 transmarinae
642 1768 742 1838 populi
759 1787 796 1824 m.
816 1786 923 1822 summo
943 1769 1036 1823 studio
1056 1770 1105 1823 ad-

111 1842 209 1895 domat
217 1842 486 1911 populusRomanus
496 1846 570 1910 842.
642 1839 721 1892 nisus
730 1839 863 1894 Horatius
873 1840 1102 1908 Publicola16,8.

110 1929 161 1981 per
175 1912 303 1967 Thracen
315 1914 353 1968 M.
369 1930 422 1981 que
443 1915 471 1968 et
485 1912 570 1967 Grae·
642 1929 678 1964 m.
697 1910 800 1980 Reguli
823 1911 961 1981 supplicio
982 1929 1038 1965 non
1058 1913 1104 1966 de·

112 1983 186 2036 ciam
217 1983 247 2036 in
278 1984 392 2038 Italiam
427 1983 570 2038 transilire
643 1981 764 2035 formata
787 1987 896 2052 46,11.
938 1985 1039 2052 captae
1066 2001 1102 2038 m.

111 2053 290 2109 Mithridates
319 2055 427 2125 cogitat
456 2060 503 2123 99,
528 2061 569 2109 17.
643 2069 700 2107 non
722 2054 893 2108 reverentior
919 2054 991 2108 alius
1014 2054 1104 2108 Paulo

110 2125 148 2180 M.
174 2142 191 2178 a
213 2124 346 2194 Pompeio
371 2128 429 2180 stat
448 2130 569 2194 139,13.
645 2130 740 2193 71,11.
760 2141 841 2179 omne
855 2125 915 2179 eius
930 2126 1015 2180 decus
1025 2142 1105 2180 sena·

110 2196 406 2321 ippamlpropinciam
421 2197 572 2322 afittlarlepgrp
641 2195 784 2320 grstelrgilio
794 2196 1105 2323 Melelisslmffglmm

132 2283 209 2320 aam
247 2284 425 2323 ruusconce
539 2313 545 2337 ,
595 2331 597 2336 ,
669 2285 712 2320 ur
756 2284 876 2322 amisera
966 2313 972 2337 ,
1025 2314 1030 2324 .
1067 2287 1103 2324 m.

91 2335 317 2392 Macedonica
335 2340 486 2409 disciplina
500 2339 571 2394 fero·
644 2339 772 2393 Romana
782 2338 813 2404 Q.
823 2340 939 2394 Metello
949 2341 978 2396 L.
987 2340 1105 2394 Afranio

112 2407 185 2462 ciam
200 2409 339 2464 Thracum
353 2413 494 2481 temperat
505 2411 571 2465 Par·
645 2426 715 2466 coss.
733 2412 794 2464 toto
814 2411 881 2465 orbe
899 2411 989 2482 pollet
1004 2417 1063 2480 140,
1079 2418 1103 2466 9.

111 2497 154 2534 666
166 2485 208 2549 70,
219 2489 244 2535 7.
263 2482 301 2536 M.
311 2482 418 2537 bellum
429 2482 571 2552 (primum)
645 2480 757 2536 Octavii
769 2481 895 2536 Caesaris
910 2482 1031 2537 nominis
1046 2499 1105 2536 ma-

109 2551 222 2606 nomine
236 2552 357 2622 amplius
367 2571 453 2622 quam
463 2555 571 2623 specta-
644 2551 746 2606 iestate
764 2553 890 2607 revocati
909 2554 945 2607 ad
964 2570 1042 2608 arma
1058 2571 1105 2608 ve-

111 2622 188 2677 tione
207 2624 299 2693 gentis
320 2631 362 2693 69,
378 2630 419 2679 11.
448 2625 485 2677 M.
503 2623 572 2677 belli
643 2622 863 2692 terani156,13

113 2694 249 2763 (secundi)
274 2695 405 2762 contagio
429 2695 518 2748 trahit
535 2695 571 2746 Il·
626 2692 699 2746 inter
726 2692 872 2746 Maleum
899 2693 997 2774 iugum
1028 2712 1105 2748 mon-

110 2764 197 2831 lyrics
217 2771 263 2833 79,
279 2772 303 2819 7.
340 2765 493 2818 Andriscus
515 2781 573 2818 non
643 2766 743 2831 tesqua
762 2763 913 2818 Ceraunios
934 2766 1044 2819 msulae
1062 2771 1105 2835 67,

111 2834 149 2887 M.
159 2835 243 2889 modo
254 2836 303 2889 sed
313 2835 451 2890 Thraciae
461 2851 573 2904 quoque
646 2839 687 2887 20.
698 2851 775 2888 mare
785 2835 859 2889 inter
869 2834 990 2904 Cyrenas
1002 2835 1105 2889 sinum-

112 2904 225 2957 auxiliis
244 2906 357 2960 validus
378 2913 421 2975 73,
435 2913 452 2959 4
646 2922 699 2974 que
710 2906 747 2960 M.
757 2905 868 2976 piratae
879 2923 994 2960 aureum
1003 2910 1107 2962 vocant

94 2975 255 3030 machina
291 2994 365 3031 nova
395 2978 426 3031 in
458 2977 574 3032 Cartha·
647 2981 757 3046 101,14

113 3046 188 3118 ginis
208 3048 422 3117 defensione75,
434 3055 475 3103 19.
499 3049 574 3102 fame
628 3047 785 3102 Mamilio
812 3049 1007 3103 Tusculano
1036 3049 1106 3103 duce

113 3118 251 3172 machinis
279 3120 352 3174 ferro
376 3119 444 3174 fessi
467 3120 575 3189 Sagun·
647 3136 728 3173 omne
760 3119 873 3173 Latium
903 3120 933 3173 in
961 3120 1107 3189 Tarquinii

113 3189 167 3242 tini
186 3195 228 3258 52,
245 3196 268 3245 7.
303 3191 441 3245 machinis
460 3191 575 3246 Fulvius
647 3190 784 3244 ultionem
802 3191 879 3245 tollit
895 3191 1004 3245 animos
1019 3198 1060 3262 18,
1075 3197 1106 3245 18

112 3260 243 3314 Nobilior
269 3262 450 3316 Ambraciam
481 3262 575 3331 quatit
629 3261 809 3316 Mancinus
828 3282 853 3317 v.
873 3261 1010 3316 Hostilius

114 3337 218 3400 67,16.
257 3350 304 3387 666
332 3333 481 3388 incendere
505 3351 575 3388 ausa
628 3333 784 3387 manibus
816 3332 975 3404 legatorum
1004 3334 1105 3387 Roma-

113 3403 241 3457 Massilia
261 3410 321 3474 142,
336 3410 378 3460 90,
406 3423 442 3460 m.
461 3405 575 3458 validae
645 3421 746 3458 norum
769 3404 883 3458 strictae
901 3405 932 3458 in
949 3404 1107 3474 principum

112 3475 228 3528 navium
242 3476 432 3530 Romanarum
447 3479 516 3545 aput
529 3476 574 3529 Li·
646 3475 805 3544 lllyriorum
820 3474 894 3529 colla
904 3492 1012 3530 secures
1022 3476 1107 3529 litant

113 3561 198 3613 paras
217 3551 259 3616 43,
276 3553 307 3601 11
648 3552 723 3617 51,8.
736 3547 1118 3618 mssaguntiuorumnasxa-
