2436 3826
429 154 629 205 PRAEFATIO
648 155 818 206 EDITORIS
1067 151 1129 205 XLI

121 339 190 380 cum
222 320 318 400 igitur
350 321 377 378 X
409 321 483 380 duas
515 321 679 397 scripturas
710 321 882 398 praeberet,
913 320 1001 380 modo
1034 322 1132 380 altera

118 411 210 470 lectio
239 429 257 468 a
281 408 303 469 O
327 411 424 468 altera
451 429 470 468 3
492 402 581 491 Β(Α)
604 413 726 486 recepta
753 413 814 488 est,
841 411 928 470 modo
958 410 1035 468 alter
1061 413 1133 468 utor

120 502 175 559 aut
198 499 285 558 ambo
309 502 470 575 utramque
494 502 698 560 servaverunt.
739 500 839 558 varias
862 502 964 559 autem
987 498 1133 558 lectiones

119 588 189 647 illas
223 606 287 646 esse
321 606 397 665 quas
430 590 520 647 antea
552 606 644 664 supra
672 606 777 648 versus
805 591 860 647 aut
886 589 918 646 in
945 587 1134 664 marginibus

118 677 234 752 positas
266 676 326 734 iam
358 677 390 735 in
422 678 589 736 orationem
615 677 781 753 recipiebat
807 696 867 736 non
896 678 993 736 solum
1021 675 1132 735 additis
1154 686 1212 726 nri

118 766 235 826 voculis
255 769 281 823 et
302 770 355 825 aot
375 767 420 824 rei
439 759 486 846 (rat
503 768 603 824 ortum
621 785 657 825 ex
676 761 729 846 ret)
750 765 940 844 significavit,
963 765 1016 824 sed
1037 767 1129 825 inter·
1146 740 1217 833 Ἢ

119 853 192 913 dum
216 855 307 914 etiam
329 854 451 929 punctis
472 854 580 931 positis
607 854 660 913 ubi
683 855 833 914 sententia
856 874 892 914 ea
913 873 973 912 non
996 854 1132 932 requirit.

119 943 200 1002 hunc
235 962 349 1002 morem
385 944 417 1002 in
454 944 581 1002 aliorum
616 963 736 1021 quoque
769 944 950 1019 scriptorum
980 943 1133 1003 codicibus

120 1033 310 1110 frequentem
334 1036 364 1092 et
390 1032 435 1091 ibi
458 1031 551 1092 etiam
573 1032 755 1110 adhibitum,
786 1033 839 1092 ubi
862 1033 993 1092 librariis
1017 1033 1133 1110 aliquid

122 1124 298 1198 corruptum
329 1122 507 1199 videbatur,
544 1122 596 1180 sed
629 1121 667 1180 ab
701 1121 881 1194 editoribuS,
919 1122 998 1198 quod
1031 1123 1132 1199 sciam,

121 1210 256 1270 nondum
279 1210 472 1271 observatum
495 1210 521 1268 si
544 1210 660 1270 curiose
684 1211 857 1286 attenderis,
880 1211 1134 1287 interpolamenta

123 1318 201 1377 quae
232 1320 292 1358 non
326 1300 421 1376 primo
451 1299 561 1358 obtutu
593 1303 796 1377 agnoscantur
828 1299 929 1377 detegi
960 1318 1047 1376 posse
1082 1319 1133 1376 ap-

122 1380 253 1468 paret1).
295 1388 333 1447 ad
357 1407 446 1465 quem
469 1389 693 1447 inlustrandum
716 1390 769 1448 hos
793 1389 892 1460 locos,
920 1407 995 1465 quos
1022 1388 1134 1464 partim

122 1478 154 1536 in
182 1476 407 1536 adnotationem
436 1477 571 1536 criticam
594 1478 726 1554 recipere
749 1497 809 1536 non
831 1477 934 1556 licuit,
958 1469 1133 1556 adiciam²):

188 1640 216 1696 p.
238 1623 255 1679 7
260 1666 266 1695 ,
284 1621 322 1678 17
347 1620 592 1693 increpabantur
615 1619 784 1678 transiluit·
804 1611 862 1700 B3)

189 1707 260 1768 ibid.
295 1710 337 1768 20
359 1706 484 1767 Jneoioe
497 1737 504 1752 ·
519 1709 590 1781 qaia
604 1734 611 1750 ·
625 1709 745 1766 deerant
766 1706 791 1765 L

188 1817 218 1874 p.
239 1799 325 1874 a,13
349 1796 411 1855 Nee
433 1798 497 1856 dolo
512 1827 519 1840 ·
533 1798 584 1856 sed
600 1798 704 1870 praetia
725 1787 782 1877 L4)

190 1933 206 1965 „
243 1889 271 1964 9,
288 1887 327 1943 15
346 1887 492 1959 potiretur
506 1914 513 1930 ·
527 1903 649 1959 repressae
663 1916 669 1928 ·
683 1885 708 1944 L

190 2021 206 2053 „
228 1977 313 2050 14,6
337 1975 491 2034 resalicitor
514 1977 659 2033 extitisse·
673 1992 720 2033 res
742 1976 837 2034 stetere
859 1974 885 2032 B

190 2109 206 2142 „
228 2065 312 2141 18,8
337 2064 408 2122 data
422 2092 429 2106 ·
445 2064 545 2138 elapsa
568 2065 728 2122 custodiere
750 2063 775 2122 L

191 2199 207 2231 „
228 2155 278 2230 22,
295 2155 313 2211 6
338 2152 476 2226 afferret·
491 2153 669 2227 triumphare
691 2157 851 2226 reportaret
873 2153 898 2210 B

192 2288 209 2320 „
229 2243 280 2319 30,
296 2245 313 2301 9
339 2245 499 2302 aceruatim
513 2273 519 2286 ·
534 2247 631 2300 tornea
644 2271 650 2284 ·
665 2244 708 2300 sic
730 2258 840 2315 qaoque
862 2242 891 2303 N

123 2381 337 2390 ..-.--..-.

197 2468 223 2532 1)
241 2465 320 2518 velut
337 2463 440 2533 Apulei
458 2467 523 2519 met.
542 2464 555 2518 Ι
574 2470 590 2518 t
608 2463 695 2518 verba
709 2462 802 2518 aliena
817 2465 866 2533 qai
878 2465 929 2518 sim
943 2463 973 2517 in
986 2463 1008 2515 F
1022 2464 1136 2533 punctis

124 2535 298 2590 circumdata
313 2539 386 2604 sunt,
400 2553 426 2588 v.
443 2536 522 2588 ‘mus
538 2535 675 2589 Rhenan’
692 2553 718 2588 n.
734 2552 754 2588 s.
774 2535 861 2588 XLVI
879 2537 970 2600 (1891)
988 2554 1015 2604 p.
1031 2541 1082 2589 315
1094 2553 1135 2604 sq.

197 2610 223 2677 2)
247 2607 305 2660 alia
332 2605 461 2675 exempla
484 2606 582 2660 afferre
605 2605 696 2676 nolui,
727 2605 794 2673 quia
817 2622 851 2660 ex
874 2605 973 2673 quovis
997 2609 1135 2674 apparatu

124 2677 222 2732 critico
242 2677 414 2732 accuratiore
432 2676 511 2731 facili
529 2676 643 2747 negotio
661 2676 722 2746 peti
734 2679 860 2746 possunt.
888 2675 1023 2731 memoria
1040 2679 1137 2731 tamen

126 2749 243 2819 dignum
261 2752 305 2804 est
322 2748 443 2802 Phaedri
462 2746 588 2802 codicem
604 2748 627 2801 P
645 2748 675 2801 in
692 2747 787 2802 media
805 2745 903 2801 fabula
921 2747 981 2801 Ι22
998 2747 1073 2801 hanc
1086 2748 1136 2801 ob-

126 2819 313 2874 servationem
340 2818 554 2890 grammaticam
580 2819 697 2875 habere:
725 2821 769 2874 bic
795 2821 916 2890 inteliepe
944 2821 1055 2874 soricem
1082 2836 1136 2873 esse

125 2894 230 2962 perieris
251 2893 399 2947 mascelini
421 2890 533 2960 punctis
558 2890 771 2960 circumdatam,
795 2891 832 2944 ad
856 2906 928 2958 quae
950 2889 1056 2959 primus
1076 2907 1135 2944 cor-

125 2963 216 3017 rector
233 2963 278 3016 bis
296 2963 350 3017 hoc
369 2962 480 3032 signum
498 2983 534 3010 ss
553 2961 697 3031 apposuit,
723 2979 749 3015 r.
771 2961 834 3015 ‘Les
853 2960 943 3015 fables
964 2961 998 3015 de
1018 2960 1137 3030 Phedre,

125 3033 234 3089 edium
251 3033 491 3103 paleographique
509 3050 562 3103 par
579 3033 622 3087 Ul.
642 3032 758 3087 Robert'
778 3050 805 3102 p.
823 3037 864 3100 14,
879 3039 920 3086 92.

196 3108 223 3175 3)
243 3105 368 3159 dubitari
384 3107 479 3175 potest
497 3122 534 3158 an
552 3107 664 3174 praeter
681 3105 824 3159 transiluit
843 3103 930 3157 etiam
946 3105 1020 3158 salta
1034 3102 1136 3157 eicien-

126 3178 193 3230 dum
211 3176 257 3245 sit,
276 3176 326 3230 sed
341 3176 501 3231 defenditur
519 3176 642 3244 quodam
657 3175 740 3230 modo
754 3173 828 3228 Livii
841 3173 934 3228 verbis
953 3175 1004 3242 I‘l,
1020 3181 1044 3242 2,
1064 3191 1137 3243 quae

124 3247 224 3302 Florus
247 3264 323 3302 more
346 3264 396 3302 suo
431 3266 456 3302 v.
476 3265 503 3317 p.
521 3247 622 3316 XXHI)
645 3245 818 3315 immutavit,
846 3261 898 3300 nec
922 3244 1070 3316 probabile
1093 3249 1138 3300 est

124 3319 289 3389 glossatoris
309 3335 369 3373 csse
387 3337 419 3373 sa
430 3325 461 3374 ta
478 3320 628 3374 transiluit.

196 3393 224 3460 4)
243 3390 362 3445 fortasse
381 3407 431 3459 pro
451 3392 551 3459 dolose,
574 3406 647 3460 quae
668 3388 836 3444 coniectura
846 3387 955 3442 1133113
974 3387 1014 3438 ba
1027 3382 1165 3437 ausum.

127 3467 152 3530 2,
176 3468 192 3516 6
220 3461 334 3516 videtur
359 3461 526 3534 confirmari,
556 3464 620 3522 (1313
648 3461 843 3520 scribendum
869 3463 929 3516 333.
961 3472 1043 3510 uam
1068 3451 1122 3502 333.
1148 3458 1193 3490 aa.

119 3534 222 3588 saliret
238 3533 276 3587 ad
295 3550 393 3590 vocem
407 3539 510 3609 praelia
530 3539 685 3614 adscripto
707 3541 811 3597 crtum
829 3550 898 3591 3333
914 3527 1036 3600 puteat.
