2436 3826
132 187 196 252 140
493 190 603 241 FLORI
620 189 779 240 EPITOMA

108 394 110 400 ·
131 357 274 437 consedit,
296 356 366 416 hine
389 358 420 415 in
438 356 591 434 Aegypton
615 353 712 415 subito
735 352 893 434 transiluit,
915 355 984 414 inde
1008 356 1142 432 respexit

130 445 239 526 Asiam,
263 445 379 505 Africae
402 444 546 525 incubuit,
568 451 719 522 postremo
742 446 775 503 in
797 443 968 521 Hispaniam
991 445 1141 522 regyravit

96 541 162 615 tet
189 535 231 595 ibi
259 533 415 612 aliquando
444 534 559 594 deiecit.
606 532 658 593 sed
681 551 741 593 non
764 540 794 593 et
817 532 883 592 odia
905 534 1035 610 partium
1058 533 1142 593 linita

132 643 199 684 eum
231 623 317 683 hello.
367 641 427 684 non
460 625 540 683 enim
571 624 655 701 prius
679 624 867 701 quieverunt,
901 639 988 699 qnam
1016 623 1047 681 in
1075 623 1142 700 ipsa

131 712 205 773 urbe
238 713 336 772 medio
365 721 469 773 senatu
497 730 600 772 eorum
633 713 685 789 qui
712 713 782 771 victi
810 716 894 770 erant
925 711 991 770 odia
1019 712 1142 770 victoris
1169 720 1181 760 ⁵

132 819 199 862 sese
223 802 312 862 caede
336 803 485 862 satiarent.

97 903 113 950 8
199 890 293 951 Causa
321 896 419 951 tantae
447 889 621 950 calamitatis
649 888 752 949 eadem
779 907 854 967 quae
879 889 1024 969 omnium,
1051 889 1144 948 nimia

132 978 267 1039 felicitas
314 980 340 1048 si
363 979 483 1057 quidem
507 978 615 1048 Quinto
638 976 755 1038 Metello
778 977 870 1038 Lucio
893 977 1012 1038 Afranio
1037 995 1144 1037 eonsu-

47 1130 48 1133 ,
133 1066 211 1127 libus
225 1084 303 1127 'cnm
321 1065 453 1127 Romana
473 1068 612 1127 maiestas
632 1073 694 1126 toto
713 1065 784 1126 orbe
803 1065 928 1146 polleret
946 1073 1143 1144 recentesque

132 1158 284 1236 victorias,
311 1155 450 1216 Ponticos
478 1153 514 1216 et⁴
530 1155 685 1215 Armenios
712 1155 878 1235 triumphos
901 1158 932 1216 iu
955 1155 1143 1233 Pompeianis
1159 1169 1183 1207 ιο

132 1245 257 1306 theatris
270 1243 363 1305 Roma
382 1252 522 1326 cantaret,
541 1245 633 1303 nimia
646 1244 768 1323 Pompei
786 1247 918 1323 potentia
937 1251 1008 1323 aput
1023 1244 1143 1323 otiosos,

98 1342 167 1396 eut
196 1334 282 1414 solet,
315 1337 394 1394 cives
421 1337 513 1393 movit
535 1333 683 1393 invidiam.
734 1333 869 1394 Metellus
898 1333 934 1394 ob
962 1335 1144 1393 inminutum

134 1421 238 1484 Cretae
266 1422 463 1503 triumphum,
491 1422 562 1484 Cato
590 1422 731 1482 adversus
759 1429 895 1502 potentes
924 1440 1042 1501 semper
1070 1420 1143 1481 obli-

135 1530 211 1591 quus
235 1512 400 1572 detrectare
422 1510 597 1591 Pompeium
620 1514 751 1590 actisque
771 1514 835 1571 eius
855 1511 1036 1590 obstrepere.
1073 1511 1144 1570 hine

134 1601 229 1661 dolor·
244 1608 447 1661 transvorsum
475 1602 536 1678 egit
563 1608 593 1661 et
620 1601 655 1660 ad
684 1600 831 1680 praesidia
855 1600 991 1679 dignitati
1013 1599 1144 1679 paranda
1158 1612 1183 1654 15

83 1704 115 1753 10
134 1689 249 1769 inpulit.
287 1691 363 1751 sorte
387 1697 457 1750 tune
481 1689 605 1750 Crassus
629 1707 737 1767 genere
761 1689 872 1749 divitiis
895 1691 1036 1768 dignitate
1057 1688 1144 1748 llore-

134 1778 196 1860 bat,
224 1786 258 1839 ut
284 1778 372 1840 vellet
399 1786 499 1839 tamen
523 1779 663 1838 auctioris
687 1796 771 1859 opes,
796 1777 826 1838 C.
846 1777 953 1839 Caesar
977 1778 1144 1856 eloquentia

134 1875 164 1928 et
192 1870 313 1947 spiritu,
341 1886 411 1928 ecce
439 1870 498 1928 iam
526 1878 556 1927 et
579 1866 734 1927 consulatu
757 1866 957 1947 adlevabatur3
985 1866 1143 1946 Pompeius

83 1970 113 2016 11
134 1963 233 2016 tamen
261 1955 340 2016 inter
367 1963 526 2034 utrumque
554 1954 711 2016 eminebat.
753 1958 909 2034 sicigitur
933 1954 1144 2032 Caesaredig·

135 2046 260 2105 nitatem
301 2062 478 2125 conparare,
520 2043 627 2104 Crasso
668 2063 792 2126 angere,
833 2045 972 2124 Pompeio
1013 2047 1186 2104 retinerem

136 2132 328 2213 cupientibus
356 2132 552 2212 omnibusque
580 2135 693 2210 pariter
719 2136 868 2212 potentiae
896 2133 1012 2212 cupidis
1040 2133 1076 2193 de
1100 2135 1145 2192 in-

84 2235 116 2283 12
136 2222 267 2282 radenda
300 2240 332 2281 re
364 2220 482 2300 publica
515 2220 600 2281 lacile
633 2224 778 2282 convenit.
831 2241 901 2301 ergo
934 2240 1002 2282 cum
1033 2223 1145 2282 mutuis

135 2309 250 2371 viribus
274 2312 305 2370 iu
329 2328 415 2369 suum
440 2312 566 2389 quisque
587 2310 678 2369 deeris
697 2313 872 2392 niterentur,
896 2310 1018 2372 Calliam
1038 2310 1146 2370 Caesar

136 2400 255 2479 invadit,
279 2398 403 2459 Crassus
425 2399 533 2479 Asiam,
555 2397 714 2477 Pompeius
732 2398 916 2478 Hispaniam:
939 2408 1002 2460 tres
1024 2400 1146 2459 maximi

208 2575 222 2623 1
242 2570 307 2624 hine
326 2588 375 2626 om.
391 2572 419 2626 Β
441 2573 445 2640 1
468 2570 653 2642 inaegyptum
670 2572 699 2625 Β
716 2570 882 2642 inegyptum
899 2574 926 2626 L
948 2575 957 2643 11
981 2577 996 2626 2
1014 2570 1147 2641 hispania

136 2642 166 2711 (h
183 2659 270 2712 snpra
286 2646 401 2713 versiam)
420 2643 448 2696 Β
463 2645 468 2710 1
483 2642 614 2714 regnauit
631 2643 659 2696 Β
677 2641 814 2712 regirauit
832 2645 858 2697 L
872 2645 912 2714 114
930 2645 998 2698 urbe
1016 2643 1079 2713 ipsa
1100 2643 1123 2697 0
1138 2644 1147 2713 11

137 2718 153 2766 5
172 2713 288 2767 uictoris
307 2731 356 2768 orn.
375 2716 402 2768 L
424 2719 435 2784 1
457 2720 473 2766 6
492 2731 522 2768 se
540 2715 568 2769 Β
590 2716 600 2783 11
623 2720 638 2767 i
658 2713 754 2768 Causae
773 2715 817 2782 01
838 2715 991 2783 eademque
1010 2713 1145 2768 omnium:

135 2802 203 2840 corr.
218 2803 258 2856 og.
273 2787 283 2854 11
301 2790 316 2837 8
336 2785 462 2839 africano
480 2786 508 2839 B
528 2788 532 2855 1
553 2789 614 2840 cosi
631 2788 655 2848 11
674 2788 736 2840 add.
753 2804 786 2840 m.
801 2789 828 2854 1)
847 2786 875 2839 Β
889 2802 944 2840 cos.
960 2786 993 2840 N
1003 2789 1078 2840 coni.
1092 2786 1120 2838 L
1137 2784 1146 2856 1

136 2862 152 2911 9
170 2858 347 2924 retentesque
366 2857 393 2909 L
406 2860 415 2923 11
430 2862 461 2910 11
483 2857 558 2926 apud
572 2857 599 2910 L
612 2860 621 2927 11
636 2861 668 2909 12
687 2857 825 2910 mouetB
840 2856 845 2927 1
860 2855 1040 2910 imminutum
1056 2858 1145 2924 01113

135 2929 263 2997 petentes
277 2928 304 2981 B
320 2930 324 2997 1
341 2926 449 2981 oblicus
469 2930 498 2995 (q
515 2945 602 2998 snpra
616 2944 630 2980 o
643 2946 678 2982 in.
693 2931 720 2998 1)
735 2929 768 2981 Ν
779 2926 909 2995 obliquus
924 2930 1015 2998 (prior
1028 2945 1047 2980 u
1060 2945 1147 2997 supro

135 3001 250 3066 versiam)
265 2999 292 3051 L
305 3000 314 3066 11
329 3003 363 3051 14
382 2998 536 3052 detrectare
555 3001 648 3068 (prior
665 3016 680 3051 r
695 3016 781 3069 snpra
795 3016 901 3054 uersum
913 3018 947 3054 m.
963 3001 990 3066 11
1003 2999 1032 3052 Β
1048 3002 1053 3068 1
1067 3015 1146 3068 pom·

114 3095 116 3102 v
135 3069 199 3138 poio
218 3070 255 3136 B,
273 3076 303 3123 nt
320 3074 516 3139 a.p.162,16
542 3075 545 3138 1
568 3068 716 3137 beatisque
735 3070 765 3138 (h
783 3073 872 3139 erasa)
890 3071 918 3124 Β
937 3072 941 3139 1
961 3069 1008 3123 hio
1026 3071 1054 3124 Β
1072 3069 1146 3122 huno

136 3141 174 3195 N.
189 3141 324 3195 Heinsius
342 3143 351 3208 l
370 3145 403 3193 15
421 3143 613 3194 transuersum
625 3141 654 3194 Β
672 3142 681 3210 11
700 3145 733 3192 16
752 3139 866 3209 impulit
879 3141 913 3194 N
927 3140 1031 3210 inpulit
1046 3143 1074 3210 (u
1089 3158 1147 3196 eor-

136 3218 209 3266 recta
227 3229 261 3266 eir
280 3214 307 3280 a)
321 3212 348 3265 L
368 3220 372 3277 1
393 3227 494 3282 genere
513 3214 595 3282 (gene
613 3213 695 3266 initio
713 3229 805 3266 versos
822 3214 854 3266 in
872 3216 994 3283 margine
1012 3213 1149 3281 additum)

136 3282 165 3335 Β
187 3286 196 3352 11
220 3288 253 3336 17
277 3284 310 3335 ut
327 3285 444 3337 inseruit
462 3284 646 3338 Mommsenns
666 3282 670 3355 1
691 3282 830 3336 auctiores
849 3283 881 3337 N
898 3282 1013 3337 altiores
1032 3284 1058 3336 L
1074 3285 1078 3352 1
1096 3314 1101 3325 -
1111 3301 1148 3352 g·

139 3353 228 3408 (idel.
247 3353 379 3409 Halmius
402 3355 411 3424 11
434 3359 468 3407 19
487 3353 561 3407 inter
578 3356 608 3424 (n
626 3372 712 3424 snpra
729 3371 834 3408 versum
852 3372 886 3408 nt.
906 3358 934 3423 1)
953 3355 982 3407 Β
999 3370 1083 3424 snper
1102 3353 1126 3408 0
1143 3353 1147 3424 1

137 3426 286 3492 utrumqne
314 3427 405 3495 (prior
429 3442 448 3477 u
471 3442 557 3495 supro
578 3442 685 3480 versum
708 3425 842 3494 11111111
862 3428 866 3494 1
892 3430 1004 3482 caesare
1030 3426 1149 3506 (virgula

127 3498 221 3562 erasa)
231 3496 266 3548 B
282 3512 379 3551 cesare
399 3498 427 3567 (a
441 3503 562 3552 carecta
576 3513 609 3552 aar
624 3498 650 3566 e)
666 3497 691 3550 L
709 3499 720 3566 11
738 3501 772 3549 20
787 3499 919 3565 adparere
933 3497 961 3550 B
979 3501 989 3566 11
1007 3503 1040 3550 23
1054 3497 1150 3549 m1tte·

111 3565 217 3615 rentur
232 3567 264 3619 L
277 3571 294 3636 1
310 3575 348 3624 24
365 3568 512 3625 maximos
533 3570 557 3626 0
1047 3608 1049 3613 <
