2436 3826
108 187 174 242 VIII
422 187 623 240 PRAEFATIO
641 187 811 239 EDITORIS

108 357 187 434 pius,
211 355 264 432 qui
285 354 389 415 libello
413 354 582 414 academico
605 347 654 414 ‘de
673 356 737 413 arte
755 353 860 413 critica
877 352 910 412 in
928 352 1011 412 Flcri
1030 353 1117 412 bellis

108 448 190 507 recte
218 437 365 505 facienda'
389 442 552 521 Gottingae
579 460 657 503 anno
684 441 897 503 MDOOOLXX
923 441 1004 501 edito
1030 461 1117 518 prae·

110 535 226 594 clarum
247 551 336 594 verae
363 535 395 593 et
416 532 551 593 sincerae
573 531 696 592 criticae
719 533 889 608 exemplum
917 523 1118 613 proposuit¹).

110 642 178 684 cum
205 625 308 687 autem
334 622 452 699 aliquot
480 624 600 682 tantum
627 621 770 698 exemplis
792 639 885 699 quam
907 619 989 681 viam
1010 619 1117 679 meun-

109 713 179 772 dam
207 729 270 771 esse
298 712 422 787 putaret
446 709 692 788 significavisset,
717 709 855 770 certatim
879 709 933 769 alii
954 708 1013 770 viri
1036 707 1118 770 docti

110 803 327 861 concurrerunt
357 802 393 860 ut
423 799 579 876 scriptoris
610 802 781 876 temporum
812 799 926 858 iniuria
954 798 1033 860 male
1065 798 1118 856 ha·

109 889 168 950 biti
196 889 272 950 alios
298 888 381 948 locos
408 891 558 948 sanarent.
599 907 636 948 ex
662 906 793 965 quornm
814 904 939 948 numero
965 887 1117 947 mentione

110 976 280 1056 dignissimi
297 979 369 1037 sunt
385 977 563 1037 Franciscus
581 976 749 1037 Kochlerus
768 976 821 1054 qni
838 976 871 1035 in
889 970 1118 1038 ‘observationi-

109 1067 166 1127 bus
188 1065 300 1126 criliois
322 1065 354 1125 in
376 1065 491 1126 Iulium
511 1059 662 1144 Florum',
692 1064 903 1126 dissertatione
926 1064 1118 1143 Gottingensi

109 1156 180 1215 anni
197 1153 421 1230 MDOOOLXV,
437 1155 499 1214 iam
517 1157 588 1215 ante
604 1154 772 1232 Sanppium
789 1154 901 1214 librum
918 1153 1119 1232 Bambergen·

109 1262 173 1304 sem
195 1244 352 1321 aliquanto
374 1242 498 1303 minoris
522 1262 614 1321 quam
635 1243 760 1304 Iahnius
781 1245 921 1320 putasset
947 1242 1119 1303 faciendum

110 1351 174 1393 esse
197 1333 354 1411 docuerat,
382 1332 437 1393 un
456 1330 592 1410 Opiizius
620 1332 674 1410 qui
701 1334 733 1392 et
754 1332 787 1391 in
809 1332 913 1392 annali
934 1332 1119 1413 philologico

109 1421 203 1482 CXXI
216 1411 335 1502 (1880)
347 1441 376 1499 p.
392 1423 455 1483 203
471 1439 516 1498 aq.
530 1424 561 1482 et
578 1423 610 1480 in
628 1425 851 1499 programmate
865 1420 1016 1500 gymnasii
1029 1421 1119 1482 Dres-

109 1511 208 1571 densis
230 1509 426 1587 Neapolitani
449 1511 520 1570 anni
545 1513 630 1572 1884
652 1510 820 1587 permultos
842 1510 925 1571 Floii
947 1511 1029 1571 locos
1052 1510 1119 1570 dili·

109 1604 216 1678 genter
232 1602 265 1659 et
282 1601 372 1659 acute
390 1599 599 1678 consideravit,
616 1599 650 1660 L.
666 1599 823 1660 Goertnius
838 1601 892 1677 qui
909 1600 941 1659 in
956 1593 1119 1677 ‘quaestio-

108 1708 182 1748 num
200 1688 374 1749 criticarum
392 1687 428 1748 de
441 1689 504 1748 Iuli
520 1688 603 1748 I'lori
620 1689 722 1749 codice
736 1688 905 1748 Naias-iano
924 1688 1062 1765 partibus
1076 1682 1118 1747 11'

110 1796 187 1855 quae
204 1777 309 1838 insunt
326 1777 359 1836 in
377 1776 590 1855 scriptionibus
610 1777 797 1838 scholasticis
810 1776 1051 1854 Dcrpatensibus
1067 1795 1120 1836 an·

108 1886 217 1927 norum
239 1864 510 1926 MDOOOLXXXV
537 1869 570 1927 et
591 1865 877 1927 MDOOOLXXXVI
902 1867 1001 1925 totam
1024 1866 1120 1943 epito-

109 1974 189 2014 mam
212 1954 329 2015 ratione
352 1955 480 2014 maxime
499 1954 604 2014 habita
626 1955 744 2033 generis
763 1955 882 2015 dicendi
899 1954 1034 2014 Floriani
1051 1975 1120 2033 per-

109 2043 263 2120 tractavit,
282 2041 410 2120 denique
424 2042 473 2102 W.
486 2041 617 2103 Beckius
630 2044 663 2102 in
676 2037 948 2105 ‘observationibus
961 2044 1074 2104 criticis
1089 2047 1121 2104 et

109 2131 370 2210 palaeographicis
388 2130 428 2191 ad
444 2131 528 2192 Flori
545 2131 709 2208 epitomem
727 2131 764 2190 de
783 2133 816 2192 Τ.
834 2127 934 2193 Livio’
949 2132 1121 2212 Groningae

111 2239 189 2281 anno
221 2217 422 2280 MDOOOXOI
457 2219 574 2280 emissis
611 2222 642 2280 et
675 2221 707 2279 in
739 2219 944 2296 disputatione
975 2222 1122 2300 inscripta

110 2303 176 2368 ‘nur
189 2308 384 2387 Wtrdignng
399 2308 454 2368 der
465 2308 613 2369 Leidener
625 2309 962 2370 Florushandschriften
976 2309 1063 2371 Voss.
1080 2313 1121 2370 14

109 2399 173 2457 und
197 2389 251 2459 77⁹
274 2401 306 2458 et
328 2391 643 2458 ‘commentationibus
661 2391 907 2459 Woelfflinianis'
931 2390 974 2480 (p,
991 2393 1121 2480 ldlsq.)

110 2487 225 2546 inserta
252 2486 340 2564 quasi
362 2487 486 2547 Florum
512 2487 612 2565 ipsum
635 2487 774 2547 imitatus
796 2486 828 2547 in
850 2488 963 2548 tabulis
987 2489 1062 2566 quid
1085 2488 1121 2549 de

110 2576 184 2636 locis
212 2575 412 2637 controversis
434 2576 561 2636 sentiret
583 2576 621 2636 ob
644 2576 748 2638 oculos
769 2577 873 2654 posuit
895 2580 927 2637 et
950 2595 986 2636 ex
1015 2578 1123 2638 codici·

109 2664 167 2724 bus
190 2664 318 2725 alterius
339 2664 521 2726 recensionis
543 2665 582 2724 ab
600 2665 707 2726 Iahnio
730 2685 790 2726 non
812 2665 955 2742 inspectis
976 2657 1067 2744 plura
1090 2669 1121 2727 et

110 2753 239 2814 certiora
260 2753 390 2831 protulit
413 2773 505 2832 quam
528 2753 675 2816 Graevius
697 2754 908 2833 Dukerusque

177 2843 221 2903 At
243 2843 323 2902 enim
346 2841 504 2906 Geertzius
527 2845 559 2903 et
581 2842 712 2904 Beckins
733 2861 804 2903 cum
825 2843 925 2903 Ialnnii
947 2846 980 2903 et
999 2842 1122 2923 Halmii,

111 2931 168 3009 qui
185 2930 324 2991 undecim
351 2949 445 2992 annos
471 2934 542 3009 post
567 2932 648 2992 hunc
669 2932 795 2992 Florum
821 2933 904 3009 apud
931 2932 1123 2993 Teubnerum

115 3020 222 3096 edidit,
254 3038 386 3079 errorem
416 3021 498 3081 insto
528 3021 624 3098 pluris
656 3019 1048 3102 librum'Bambergensem
1079 3023 1123 3082 fa-

113 3109 258 3170 cientium
279 3107 471 3185 vitavisaent,
499 3128 515 3169 e
538 3110 688 3171 contrario
716 3109 804 3170 nimis
826 3111 932 3172 favent
952 3110 1123 3172 Nazariano

186 3350 213 3418 1)
230 3348 353 3420 repetita
375 3351 419 3405 ast
435 3349 506 3405 haec
525 3347 723 3404 commentatio
742 3347 773 3403 in
790 3349 824 3403 Η.
843 3348 963 3432 Sauppii
981 3353 1124 3422 opusculis

116 3418 229 3474 selectis
246 3437 273 3490 p.
288 3425 400 3489 eoam„
418 3418 449 3474 in
467 3437 585 3489 quorum
602 3419 779 3491 praefatione
797 3419 881 3475 huius
899 3424 1046 3477 inventum
1064 3441 1124 3480 csse

105 3493 142 3562 ηιξ
153 3490 312 3556 scriptores
330 3493 440 3546 veteres
457 3491 495 3546 ad
514 3491 653 3562 optimum
670 3507 810 3560 quemque
827 3491 955 3547 codicem
976 3495 1126 3564 exigantur

86 3551 167 3602 ahoe
183 3572 302 3624 quoqne
318 3559 420 3631 legere
438 3561 562 3619 11111111
583 3579 645 3620 esse
664 3562 777 3635 opinor.
