2436 3826
538 195 564 264 1,
584 202 618 248 aa
637 195 685 265 (11,
705 199 740 264 a).
1105 197 1145 261 61

137 361 318 440 presserint,
346 378 442 438 neque
467 361 496 420 id
520 362 587 421 fieri
604 360 750 421 Hannibal
773 363 902 421 senserit
924 360 1044 421 difficile
1068 362 1149 422 dictu

133 454 191 508 est.
241 455 321 509 certe
354 448 499 509 Hannibal
532 468 564 509 re
598 453 714 528 cognita
748 468 815 509 cum
847 451 1014 527 proiectum
1047 450 1200 512 fratrissa

134 543 225 615 capnt
245 536 281 597 ad
302 555 354 597 sua
374 544 470 598 eastra
489 538 622 618 vidisset,
647 534 797 616 ‘agnosco'
817 540 914 615 inquit
934 534 1148 598 ‘infelicitatem

131 621 344 703 Carthaginis?
380 626 453 686 haec
477 626 533 687 luit
556 625 636 686 illins
659 629 715 686 viri
739 644 798 686 non
820 628 884 686 sine
903 628 1056 704 praesagio
1076 644 1148 704 quo·

104 712 204 772 suam
236 713 288 773 lati
321 716 504 774 imminentis
537 717 633 793 prima
661 715 824 794 consessi03
857 717 915 773 iam
943 721 1057 774 certum
1086 722 1203 776 515154

133 800 331 862 Hannibalem
355 804 444 862 etiam
467 804 561 883 ipsius
586 804 772 863 confessione
795 821 883 881 posse
907 804 993 862 vinci.

203 888 261 950 Sed
293 898 338 950 tot
369 909 470 951 rerum
502 909 714 971 prosperarum
746 891 853 951 fiducia
884 890 991 969 plenus
1022 890 1149 970 populus

135 977 288 1038 Romanus
320 982 419 1058 magni
449 980 623 1040 aestimabat
655 979 1002 1059 asperrimnmhostem
1033 981 1065 1038 in
1098 998 1150 1040 sua

134 1065 233 1127 hiriea
262 1066 422 1128 debellarel
465 1068 540 1128 duce
568 1071 659 1146 igitur
683 1068 832 1147 Scipione·
850 1071 882 1128 in
905 1070 1000 1146 ipsam
1022 1068 1151 1128 Africam
1170 1081 1203 1130 55

91 1161 197 1214 151515
224 1155 301 1215 51515
330 1174 490 1217 conversus
519 1158 630 1217 imitari
658 1159 756 1235 coepit
778 1155 973 1217 Hannibalem
997 1164 1027 1217 et
1049 1156 1149 1216 ltaliae

135 1261 207 1302 suae
240 1243 338 1305 clades
372 1247 403 1305 in
431 1245 560 1305 Africam
592 1245 750 1305 vindicare.
797 1264 870 1324 quas
901 1244 964 1325 ille,
997 1245 1038 1305 dii
1070 1245 1203 1324 1155155

101 1360 105 1366 ·
134 1329 329 1393 Hasdrubalis
361 1336 461 1412 copias
493 1334 583 1414 ludit,
616 1351 690 1411 quos
720 1333 862 1412 Syphacis
890 1333 1039 1394 Numidici
1071 1336 1150 1411 regis

134 1421 294 1497 equitatus.
333 1440 408 1500 quae
432 1428 599 1500 quantaque
623 1423 779 1500 utriusque
803 1429 897 1482 castra
918 1420 1032 1481 lacibus
1051 1420 1150 1481 inlatis

134 1526 194 1568 555
218 1516 304 1570 55515
328 1509 444 1570 delevit.
489 1511 618 1589 denique
642 1513 700 1569 iam
723 1528 783 1569 non
807 1512 934 1570 5151115
958 1509 1069 1589 lapide,
1098 1510 1150 1569 sed

95 1609 122 1650 15
136 1598 218 1674 ipsas
241 1597 427 1677 Carthaginis
455 1606 556 1677 portas
585 1598 739 1658 obsidione
768 1598 925 1677 quatiebat.
973 1601 1016 1658 515
1040 1598 1203 1660 factumst

134 1691 168 1744 51
191 1686 395 1746 inhaerentem
419 1694 506 1765 atque
530 1687 719 1748 incubantem
738 1686 839 1746 ltaliae
862 1694 1053 1765 extorqueret
1071 1687 1148 1747 llan-

133 1772 271 1834 nibalem.
308 1793 369 1835 non
392 1776 449 1834 luit
471 1778 566 1835 maior
590 1774 644 1835 sub
668 1778 795 1854 imperio
818 1773 949 1835 Romano
974 1775 1038 1835 dies
1062 1794 1150 1853 quam
1170 1787 1203 1836 58

134 1859 198 1943 1115,
228 1881 295 1923 55111
323 1864 381 1923 duo
410 1866 542 1924 omnium
566 1872 596 1924 et
619 1871 685 1924 ante
710 1871 740 1923 et
762 1871 865 1942 postea
889 1864 998 1922 ducum
1021 1866 1148 1923 maxime

134 1947 236 2031 duces,
258 1951 308 2012 ille
331 1951 440 2032 Italiae,
462 1952 511 2012 hic
533 1952 691 2032 Hispaniae
715 1955 818 2031 vietor,
841 1950 955 2012 collatis
979 1953 1146 2011 comminus

93 2056 120 2097 ao
135 2040 229 2118 signis
252 2040 388 2100 direxere
411 2043 514 2101 aciem.
552 2041 604 2100 sed
628 2047 657 2100 et
680 2039 870 2118 conloquium
894 2040 950 2100 luit
968 2041 1048 2099 inter
1067 2041 1149 2117 ipsos

137 2127 174 2187 de
202 2127 319 2206 legibus
342 2131 437 2207 pacis:
466 2135 613 2190 steterunt
636 2130 688 2189 diu
711 2137 813 2189 mutua
837 2128 1029 2188 admiratione
1052 2127 1203 2188 delixi-ac

136 2215 190 2276 ubi
212 2215 248 2276 de
272 2235 344 2297 pace
368 2235 427 2295 non
447 2221 592 2299 convenit,
616 2220 700 2296 signa
718 2219 863 2278 cecinere.
901 2225 1016 2277 constat
1038 2218 1149 2276 utrius·
1170 2230 1204 2278 60

138 2323 195 2382 que
233 2305 419 2366 consessione
456 2324 511 2366 nec
548 2306 655 2367 melius
691 2308 800 2366 instrui
837 2308 931 2366 aciem
963 2324 1019 2366 nec
1051 2307 1149 2365 551155

209 2424 231 2476 Ι
246 2428 260 2476 1
280 2439 369 2492 neque
388 2423 418 2476 id
436 2423 497 2477 fieri
516 2423 632 2477 annibal
647 2424 685 2492 (51
700 2441 761 2479 eum
774 2441 860 2494 51519.
875 2425 1016 2492 desectum)
1034 2422 1153 2477 senserit

138 2493 645 2619 castrametatae
660 2493 1152 2634 55511155111115

141 2637 227 2703 eaput
241 2641 353 2703 praeter
370 2638 422 2705 put
440 2638 471 2689 a'c
489 2652 544 2690 ros.
559 2636 586 2689 Β
600 2638 609 2701 (Ι
624 2641 640 2688 3
658 2634 751 2703 inquit
770 2637 793 2704 (t
815 2641 935 2689 correcto
953 2651 987 2688 ec
1001 2635 1019 2687 d
1033 2652 1067 2688 m.
1083 2638 1109 2702 1)
1125 2636 1153 2687 B

139 2704 241 2773 inquid
254 2708 276 2759 I
285 2710 294 2773 (Ι
308 2712 326 2758 4
344 2705 518 2776 carthaginis
533 2706 563 2774 (11
580 2722 640 2775 sap.
656 2723 722 2760 cere.
737 2724 770 2760 m.
788 2709 814 2774 1)
830 2706 864 2758 N
876 2708 879 2771 Ι
897 2703 1070 2772 chartaginis
1082 2704 1104 2757 Ι
1113 2707 1123 2773 (Ι
1137 2709 1153 2755 5

140 2774 306 2830 inminentis
324 2778 346 2830 Ι
364 2779 374 2846 (Ι
397 2782 413 2828 6
433 2775 595 2830 annibalem
614 2776 641 2829 A
664 2778 673 2844 (Ι
696 2781 711 2827 8
731 2774 959 2845 haspenissmum
977 2775 1123 2843 (posterior
1141 2791 1154 2826 s

141 2847 230 2915 eraso)
249 2847 276 2900 Β
294 2849 304 2915 ll
324 2852 357 2899 10
376 2847 488 2901 imitare
501 2848 534 2900 'L
554 2851 559 2914 Ι
581 2845 742 2900 annibalem
760 2846 815 2914 ΑΙ(
834 2851 866 2898 11
887 2843 975 2898 511155
993 2845 1041 2912 Β(
1058 2843 1112 2896 diis
1131 2846 1154 2911 (s

141 2918 231 2984 erasa)
249 2918 277 2970 B
304 2920 313 2986 (Ι
337 2923 371 2970 12
390 2918 569 2986 hasdrybalis
589 2919 623 2971 N
642 2914 810 2970 hasdiibalis
829 2917 855 2969 L
878 2918 882 2983 Ι
903 2914 999 2984 cupias
1017 2917 1039 2968 I
1055 2919 1059 2983 l
1080 2913 1155 2967 fudit

141 3002 192 3041 om.
214 2986 254 3054 Ol
271 2988 374 3056 sylacio
394 2989 428 3041 N
442 2988 538 3042 sifacis
557 2989 584 3041 L
600 2991 603 3057 Ι
619 2986 755 3041 numidici
775 2985 850 3056 regis
870 2985 1013 3054 equitatus
1031 2986 1059 3039 A
1078 3001 1155 3038 exer-

142 3056 215 3111 citus
234 3057 310 3112 fudit
331 3059 354 3114 G
372 3062 381 3128 (Ι
405 3065 438 3112 13
458 3059 542 3112 clasis
561 3066 624 3114 ante
643 3060 737 3112 castra
755 3059 819 3112 odd.
839 3058 867 3110 B
886 3056 984 3109 elassis
1002 3057 1024 3109 Ι
1039 3058 1043 3124 Ι
1065 3054 1154 3108 1115115

141 3129 202 3182 BL
215 3131 225 3199 (Ι
240 3134 273 3182 to
297 3129 471 3200 carthaginis
491 3132 638 3200 (posterior
657 3129 667 3182 i
685 3135 804 3184 correcta
822 3146 856 3183 55
874 3131 899 3196 5)
918 3129 965 3195 Β(
982 3125 1155 3195 chartaginis

141 3201 163 3253 I
172 3202 181 3269 (Ι
197 3205 230 3252 16
250 3199 443 3255 inaherentem
461 3204 489 3270 (5
508 3204 596 3270 erasa)
615 3202 643 3255 Β
661 3200 806 3254 herentem
823 3201 844 3253 I
858 3201 867 3268 1(
887 3205 920 3252 18
939 3213 1002 3250 eum
1019 3200 1051 3251 111
1070 3214 1156 3265 quum

128 3273 260 3325 mutavit
278 3272 320 3324 Β1
340 3275 344 3339 Ι
367 3274 451 3325 55155
469 3275 497 3327 Β
513 3271 659 3341 (5115111155
678 3272 706 3324 Β
724 3269 845 3323 maxime
865 3271 891 3337 (5
909 3271 941 3322 in
958 3267 968 3320 i
986 3273 1051 3322 11151.
1071 3285 1105 3321 aa.
1125 3271 1155 3336 2)

142 3341 176 3395 N
195 3340 311 3395 maximi
334 3344 355 3395 I
376 3344 477 3398 Livias
500 3344 592 3397 XXX
607 3347 686 3409 30,1
710 3344 720 3411 (Ι
745 3346 776 3394 19
801 3340 885 3393 duces
909 3341 935 3407 (5
957 3338 1018 3392 c'ci
1040 3341 1158 3394 mutavit

141 3429 176 3468 111,
196 3415 226 3482 2)
245 3413 279 3465 Ν
299 3415 304 3481 Ι
328 3411 375 3467 hic
395 3416 557 3482 (5551155115
576 3431 609 3468 55
628 3416 650 3481 5)
670 3413 696 3465 L
717 3422 720 3478 t
740 3410 849 3480 ispanie
869 3411 896 3463 Β
915 3409 1031 3478 spaniae
1050 3411 1072 3463 Ι
1090 3410 1099 3477 Ι(
1122 3413 1156 3461 20

142 3482 315 3552 colloquium
340 3484 387 3539 (II
404 3486 413 3553 (Ι
436 3490 469 3537 21
494 3486 606 3553 etpost
627 3482 706 3553 pacis
730 3484 794 3538 odd.
814 3483 841 3535 Β
862 3481 866 3553 Ι
890 3479 1086 3534 ammiratione
1110 3481 1161 3549 1(

142 3559 176 3606 ‘22
196 3569 264 3608 uero
282 3561 346 3609 ante
363 3555 398 3608 de
417 3556 523 3610 adal
603 3616 607 3624 ,
