2436 3826
399 131 599 182 PRAEFATIO
619 132 789 183 EDITORIS
1049 129 1102 182 XV

86 296 234 357 Graevius
261 296 402 356 Dukerus
431 297 596 358 Seebodius
623 298 763 358 meliores
794 298 1015 376 adhibuissent,
1047 299 1100 358 sed

86 387 161 446 satis
183 386 379 463 neglegenter
401 405 500 463 neque
524 389 655 445 aetatem
675 406 777 446 eorum
796 387 988 463 indicassent,
1014 387 1098 446 Aem.

86 475 296 552 Baehrensius,
320 494 410 552 quem
434 475 487 552 qui
510 476 548 535 ob
571 476 689 534 futtiles
712 476 901 535 coniecturas
923 475 1101 551 vituperant

87 583 176 641 saepe
200 583 324 624 numero
348 563 568 624 obliviscuntur
591 565 753 639 protractis
777 564 929 624 codicibus
953 565 1005 640 qui
1032 565 1101 623 diu-

87 657 178 712 turno
201 653 265 711 situ
287 653 400 729 sepulti
422 653 579 712 iacuerunt
602 653 638 712 de
662 653 857 728 scriptoribus
880 648 998 712 Latinis
1025 653 1101 712 bene

48 761 50 766 ·
87 742 240 818 meruisse,
264 736 372 800 ‘musei
386 735 533 800 Rhenani'
552 742 611 803 vol.
625 742 708 800 XXX
723 735 839 822 (1875)
853 762 883 818 p.
899 745 961 802 629
981 745 1102 819 praeter

87 830 289 890 Nazarianum
322 831 398 890 alios
430 830 564 890 eiusdem
597 830 730 889 familiae
759 849 850 907 quam
880 831 1101 891 vetustissimos

89 919 226 978 adhiberi
248 919 313 977 iure
336 919 505 997 meritoque
527 919 625 981 iussit.
668 918 755 979 cuius
773 919 881 980 moniti
899 939 1015 980 memor
1032 939 1102 979 cum

90 1027 145 1086 ego
181 1008 310 1067 Senecae
341 1008 513 1085 philosophi
545 1011 576 1068 et
607 1009 899 1086 mythographorum
926 1009 1103 1069 Latinorum

89 1115 182 1156 causa
208 1097 407 1157 bibliothecas
435 1098 663 1175 perlustrarem,
690 1097 802 1174 ubique
831 1098 924 1158 etiam
948 1099 1030 1157 Flori
1053 1117 1102 1159 co-

90 1186 171 1246 dices
193 1186 317 1263 inspexi.
356 1187 437 1246 inter
460 1205 534 1263 quos
558 1205 742 1263 quamquam
764 1187 883 1245 nullum
906 1187 1008 1247 inveni
1034 1206 1103 1246 cum

89 1275 306 1353 Bambergensi
333 1278 497 1353 cognatum
524 1294 688 1353 eorumque
721 1277 774 1352 qui
800 1276 968 1336 Nazariano
996 1275 1102 1335 affines

91 1367 190 1424 essent
217 1365 347 1424 maxima
373 1383 443 1439 pars
471 1365 510 1424 ad
538 1367 693 1424 saeculum
715 1365 865 1424 decimum
888 1368 1031 1442 quartum
1054 1366 1104 1426 vel

92 1453 232 1529 quintum
254 1453 441 1531 pertinebat,
464 1457 566 1513 tamen
588 1454 728 1514 nonnulli
751 1455 895 1513 extabant
918 1456 1019 1514 aetate
1042 1454 1103 1513 Na·

90 1542 211 1601 zariane
234 1542 389 1619 propiores
412 1561 510 1619 neque
533 1546 635 1602 tamen
658 1561 692 1600 ex
716 1561 750 1603 eo
775 1542 925 1619 descripti.

159 1630 294 1700 Quorum
320 1631 544 1690 vetustissimus
573 1633 604 1690 et
632 1630 738 1690 ceteris
765 1631 985 1690 multominus
1009 1631 1104 1690 iuter·

90 1719 298 1797 polationibus
329 1719 507 1797 inquinatus
540 1721 586 1778 est
616 1719 806 1777 Leidensis
837 1718 1040 1778 Vossianus
1073 1721 1104 1778 in

93 1811 150 1868 oct.
173 1810 213 1866 14
238 1801 303 1890 (L).
349 1809 478 1884 scriptus
507 1810 553 1866 est
580 1808 611 1866 in
640 1807 820 1866 membranis
850 1808 957 1867 crassis
981 1813 1012 1867 et
1035 1808 1104 1867 sub·
1118 1825 1138 1863 n

93 1897 185 1956 fuscis
209 1898 323 1956 formae
347 1897 517 1958 octavariae
541 1894 627 1975 (031
644 1906 688 1960 ><
703 1888 792 1977 0,15)
816 1897 929 1956 saeculi
953 1897 1105 1956 undecimi

91 2005 185 2045 manu
208 1986 282 2045 satis
307 1986 453 2064 eleganti,
482 2005 560 2062 quae
589 1986 720 2062 primum
744 1988 911 2046 atramento
935 1986 1105 2062 pallidiore,

93 2094 112 2133 a
142 2074 216 2134 folio
248 2093 320 2134 vero
350 2077 390 2136 25
423 2076 553 2135 fusciore
584 2093 641 2134 usa
672 2077 727 2134 est.
773 2075 878 2134 eadem
906 2076 980 2134 satis
1007 2077 1106 2134 multa

93 2164 174 2222 iuter
201 2163 390 2222 scribendum
413 2165 555 2240 correxit,
582 2165 644 2223 alia
667 2167 836 2224 atramento
863 2165 1009 2241 fusciore,
1037 2183 1106 2223 cum

93 2252 155 2310 iam
187 2252 318 2312 codicem
351 2254 389 2312 ad
421 2253 511 2312 finem
540 2253 738 2329 perduxisset.
783 2253 858 2312 folia
886 2257 957 2324 sunt
985 2257 1106 2330 septua-

94 2341 180 2418 ginta
198 2344 314 2417 septem
335 2343 502 2419 scripturae
526 2342 686 2402 continuae
709 2345 741 2401 et
762 2342 937 2402 vicenorum
955 2343 1106 2402 trinorum

93 2447 244 2490 versuum.
289 2431 501 2507 inscriptiones
532 2431 679 2491 librorum
711 2433 742 2490 et
774 2430 909 2507 capitum
936 2431 1028 2492 minio
1056 2431 1106 2491 vel

95 2518 163 2577 aliis
187 2519 337 2579 coloribus
354 2520 523 2599 pingrmtur
540 2522 571 2579 et
587 2520 687 2595 prima
705 2538 843 2597 quaeque
861 2520 996 2596 capitum
1013 2521 1106 2580 verba

94 2607 270 2666 maiusculis
302 2609 412 2668 litteris
450 2610 620 2667 exarantur.
643 2653 645 2655 .
667 2609 801 2668 continet
834 2612 955 2683 praeter
981 2609 1107 2668 Florum

97 2688 164 2775 (fol.
193 2689 325 2777 1—72)
358 2701 473 2774 septem
509 2697 621 2773 primas
653 2697 735 2758 Livii
765 2697 938 2774 periochas,
978 2716 1107 2774 quarum

95 2785 223 2844 ultimae
242 2788 408 2845 extremum
432 2786 624 2845 enuntiatum
647 2779 708 2866 (res
725 2790 881 2860 praetereo
905 2817 944 2826 -
969 2778 1106 2866 cantica)

97 2874 240 2933 omissum
263 2877 318 2934 est.
356 2875 419 2952 egit
441 2875 478 2933 de
502 2894 535 2933 eo
560 2875 652 2934 etiam
670 2875 800 2935 Beckius
824 2876 855 2934 in
879 2870 1107 2935 ‘observationi-

96 2962 152 3021 bus
180 2962 292 3023 criticis
320 2967 352 3022 et
378 2964 636 3042 palaeographicis
664 2965 703 3022 ad
725 2965 808 3023 Flori
835 2956 1009 3041 epitomam’
1038 2964 1106 3039 p.8

96 3055 128 3110 et
151 3051 224 3110 alibi
248 3056 279 3112 et
300 3052 332 3112 in
350 3047 665 3113 ‘commentationibus
684 3047 928 3113 Woelfflinianie’
948 3073 977 3128 p.
995 3054 1107 3128 162sq.

97 3143 255 3218 tantopere
283 3146 387 3202 autem
415 3142 452 3201 ab
475 3141 504 3200 N
531 3141 694 3218 discrepat,
725 3144 762 3199 ut
788 3142 872 3200 nullo
900 3142 988 3200 modo
1012 3160 1049 3200 ex
1072 3160 1107 3200 eo

97 3229 219 3290 fluxisse
241 3231 345 3308 pessit,
376 3231 428 3289 sed
450 3231 582 3307 pertinet
605 3231 644 3289 ad
667 3230 800 3289 eiusdem
823 3230 957 3289 familiae
981 3231 1108 3290 alteram

98 3319 236 3397 stirpem,
264 3339 300 3378 ex
327 3320 413 3378 cuius
442 3319 543 3378 codice
571 3321 602 3378 et
630 3319 722 3379 editio
751 3319 889 3396 princeps
917 3322 948 3379 et
971 3313 1109 3398 ‘vulgata

97 3403 268 3484 scriptura''
281 3408 418 3469 derivata
441 3411 495 3467 est.
523 3408 553 3466 id
578 3407 666 3486 quod,
691 3426 876 3484 quamquam
894 3409 997 3467 eadem
1010 3413 1108 3486 atque

98 3496 150 3557 ille
178 3497 319 3557 foliorum
345 3497 593 3574 transpositione,
620 3498 656 3556 de
688 3516 748 3574 qua
770 3497 850 3556 infra
872 3496 1032 3557 dicendum
1054 3501 1118 3570 est,
