2436 3826
408 253 611 304 PRAEFATIO
628 254 799 306 EDITORIS
1004 251 1111 307 XXVII*

95 420 204 479 horum
224 418 412 496 'archetypus
442 411 500 498 (A)
528 419 715 497 restituitur,
751 440 841 496 quem
872 421 993 481 saeculo
1022 424 1106 481 sexto
1120 435 1197 477 A=n

92 508 192 568 medio
216 507 414 570 vetustiorem
436 508 529 567 fuisse
552 526 672 568 necesse
695 511 749 568 est.

95 638 99 646 -
161 597 205 656 At
223 597 302 656 enim
320 597 351 654 in
371 596 541 674 indaganda
555 597 704 673 epitomae
718 598 864 657 memoria
878 598 971 657 etiam
984 602 1107 675 praeter

94 686 216 746 Rufium
238 686 364 745 Festum
387 688 418 745 et
440 686 648 762 Augustinum
670 704 763 763 supra
785 686 921 746 Iordanis
954 691 985 746 et
1008 687 1122 768 Orosii

90 779 231 852 tempora
255 775 413 834 ascendere
441 775 521 834 licet.
566 795 636 833 nam
660 775 820 852 capitum
843 776 1174 851 inscriptionesoas
1193 807 1202 858 ‹ss

94 864 243 942 genuinas
266 883 327 923 non
350 882 413 924 esse
436 866 472 922 ut
495 883 532 923 ex
558 864 623 940 ipso
646 864 729 923 Flori
757 864 881 924 oonsilio
908 865 1108 943 intellegitur,
1122 858 1146 887 ⁸⁰

98 953 151 1031 qui
175 953 263 1030 quasi
285 953 416 1030 quadam
438 953 552 1012 tabella
575 971 643 1011 curn
662 953 730 1012 aliis
748 953 822 1012 viris
840 953 983 1012 historiae
1002 954 1108 1030 peritis

90 1045 162 1102 tum
184 1042 356 1102 rhetoribus
378 1042 486 1118 populi
508 1041 637 1101 Romani
661 1042 902 1119 magnitudinem
929 1043 1108 1102 adumbrare

95 1131 227 1208 volebat,
256 1131 394 1190 libellum
416 1131 553 1206 puerulis
577 1130 769 1190 ediscendum
794 1132 878 1190 etin
901 1133 1107 1209 paragraphus

90 1220 271 1279 distinctum
289 1238 466 1296 componere
489 1220 620 1296 nolebat,
642 1220 687 1279 ita
710 1219 837 1279 maxime
862 1220 1014 1296 capitibus
1036 1221 1108 1280 libri

93 1309 218 1368 secundi
245 1311 328 1368 sexto
357 1311 388 1366 et
410 1308 537 1385 septimo
561 1300 774 1389 (p.124,12)
798 1309 1025 1386 comprobatur,
1053 1309 1107 1368 ubi

89 1397 236 1456 ultimum
264 1398 389 1482 uerbum
416 1402 569 1471 utcumque
592 1398 655 1457 sive
682 1398 714 1457 in
742 1399 839 1457 altera
871 1399 1043 1459 recensione
1075 1400 1108 1458 ul

88 1488 338 1560 qualitercumque
360 1486 397 1544 ab
421 1506 456 1545 eo
480 1488 617 1564 quisquis
640 1486 780 1546 libellum
801 1487 833 1545 in
856 1488 957 1564 capita
986 1488 1108 1547 diremit

94 1576 366 1652 inscriptionesque
383 1575 487 1650 posuit
504 1595 564 1634 non
582 1577 664 1634 recte
687 1576 877 1634 intellectum
901 1579 931 1635 et
950 1576 989 1635 ad
1005 1577 1106 1652 proxi·

90 1685 177 1723 mum
200 1668 293 1741 caput
314 1667 447 1723 tractum
470 1667 529 1742 est,
557 1664 666 1722 titulus
690 1683 761 1724 vero
784 1665 889 1723 baaru
912 1666 1015 1723 seruile
1037 1668 1107 1740 post

90 1754 296 1830 penultimum
322 1752 449 1811 verbum
473 1752 582 1827 capitis
614 1753 691 1811 sexti
721 1755 854 1811 litaretur
885 1753 1011 1828 positus,
1058 1771 1105 1812 ac-

89 1843 174 1902 cedit
209 1843 290 1919 quod
316 1841 479 1900 nonnullae
507 1841 717 1918 inscriptiones
744 1860 813 1900 cum
840 1842 907 1917 ipsa
934 1842 1106 1901 narratione

93 1950 154 1990 non
182 1930 258 1990 bene
286 1931 469 1989 conveniunt
491 1931 578 1990 velut
599 1930 674 1989 141
700 1931 806 1989 bellium
822 1932 997 2009 piraticum,
1025 1931 1106 2007 quod

93 2019 226 2080 silleri
252 2020 344 2080 verba
368 2019 503 2096 sequaris
526 2023 558 2078 et
579 2021 636 2079 hoc
660 2024 753 2096 capnt
774 2020 856 2079 inter
877 2020 958 2079 bella
982 2022 1106 2079 externa

92 2109 155 2185 legi
184 2111 320 2185 reputes,
354 2109 459 2167 belham
486 2108 610 2168 Cilicum
640 2109 810 2183 vocandum
843 2113 910 2168 erat
942 2111 972 2168 et
1003 2109 1035 2168 H
1062 2111 1105 2169 34

87 2215 153 2271 pau
183 2198 361 2256 Parthorum
386 2201 419 2262 et
449 2200 622 2257 couseuotio
654 2195 799 2272 Augusti,
833 2217 1016 2275 quamquam
1049 2199 1105 2258 sub

92 2286 183 2345 finem
210 2286 318 2362 capitis
346 2289 466 2346 tantum
490 2287 660 2346 sanctitatis
683 2287 812 2346 nominis
834 2288 969 2365 Augusti
991 2288 1104 2347 mentio

91 2374 138 2452 fit,
161 2394 220 2434 non
244 2375 477 2435 consecrationis
500 2379 570 2452 post
593 2375 717 2436 obitum.
746 2379 880 2435 ceterum
901 2377 987 2436 nolui
1011 2376 1105 2436 omni·

92 2464 149 2523 bus
176 2464 238 2523 illis
266 2464 383 2524 omissis
412 2465 450 2524 ad
477 2466 647 2540 exemplum
672 2465 810 2525 Seebodii
833 2466 1002 2542 legentium
1025 2484 1104 2524 com-

92 2552 181 2612 modo
215 2552 326 2611 obesse.
377 2553 438 2612 fuit
469 2563 572 2612 autem
604 2554 657 2612 ille
688 2554 778 2612 homo
811 2554 864 2630 qui
895 2554 1105 2630 inscriptiones

91 2641 208 2717 primus
231 2640 334 2717 posuit
360 2654 420 2701 non
446 2641 595 2701 indoctus.
640 2642 672 2701 id
701 2643 781 2718 quod
804 2661 865 2700 non
888 2643 986 2701 solum
1009 2661 1045 2701 ea
1069 2661 1106 2701 ex

91 2749 125 2788 re
147 2730 342 2806 perspicitur,
372 2729 455 2806 quod
480 2730 658 2808 plerumque
682 2730 828 2789 sectiones
850 2730 940 2790 iustis
962 2731 1036 2790 locis
1059 2732 1104 2789 in-

90 2819 197 2877 stituit
215 2822 246 2878 et
265 2819 339 2877 satis
358 2822 429 2895 apte
448 2822 627 2895 argumenta
645 2818 799 2891 indicavit,
823 2837 927 2879 verum
947 2819 992 2878 bis
1012 2820 1104 2880 etiam

92 2906 238 2967 vocabulo
257 2909 512 2981 anacephalaeosis
530 2926 603 2966 usus
621 2910 668 2968 est
686 2899 716 2987 (1
736 2911 769 2984 2;
794 2900 893 2988 47)¹).
931 2908 1011 2985 quod
1035 2927 1103 2967 cum

89 2996 273 3057 vetustiores
306 2997 497 3074 grammatici
528 2996 613 3056 velut
640 2997 754 3055 Atilius
781 2996 1020 3056 Fortunatianns
1047 3000 1103 3056 art.

90 3085 167 3146 rhet.
186 3085 218 3144 II
237 3087 276 3145 31
308 3089 338 3144 el
364 3085 479 3144 Marius
509 3085 682 3144 Victorinus
710 3104 809 3162 expos
837 3086 868 3143 in
890 3086 922 3145 Π
944 3086 1020 3144 rhet.
1045 3084 1104 3146 Oic.

93 3176 126 3250 2,
145 3176 187 3234 48
220 3174 383 3251 usquead
411 3173 595 3233 Martianum
622 3173 778 3251 Capellam
804 3173 833 3231 V
853 3176 916 3234 564
946 3178 1104 3251 usurpent,

90 3266 194 3339 patres
213 3282 284 3324 vero
303 3263 445 3321 ecclesiae
464 3264 533 3322 inde
552 3263 590 3322 ab
606 3263 778 3340 Augustino
798 3263 834 3322 de
854 3262 908 3323 civ.
929 3263 977 3322 dei
990 3263 1046 3322 XV
1061 3266 1101 3324 21

90 3352 236 3411 Latinum
263 3353 463 3425 recapitulatio
490 3352 633 3430 habeant,
663 3351 878 3430 grammaticus
907 3352 960 3411 ille
983 3353 1103 3412 saeculo

90 3458 117 3500 a.
142 3438 210 3500 Chr.
235 3443 344 3518 quarto
371 3440 548 3500 tribuendus
576 3440 707 3503 videtur.
752 3443 879 3501 constat
901 3442 991 3499 esium
1009 3442 1130 3496 sabam

150 3630 178 3696 1)
198 3647 221 3683 r.
240 3627 318 3686 infra
338 3651 367 3705 p.
384 3634 444 3693 LX.
