2436 3826
408 196 609 249 PRAEFATIO
628 198 798 249 EDITORIS
1020 195 1110 250 XLIII

98 367 178 425 rium
196 365 281 426 duxit
302 368 373 442 post
394 367 541 424 mucimus
562 363 685 423 nomina
702 364 829 424 Romana
848 362 1109 439 Onrtlcopc'nemqac

98 455 224 514 adicere.

164 544 231 602 lam
244 561 315 604 vero
330 542 477 602 nonnulla
500 543 540 601 de
559 543 666 602 Floro
687 543 767 619 ipso
787 542 938 619 eiusque
957 543 1106 619 scriptis
1198 586 1200 618 2

99 633 223 691 dicenda
246 634 325 691 sunt.
371 633 463 708 atque
489 635 526 690 ut
549 650 567 690 a
589 631 760 691 nominibus
784 633 849 690 cius
872 631 1024 709 exordiar,
1051 631 1108 691 hac
1141 618 1200 648 ”⁰¹²²

99 740 219 798 quoque
246 740 279 780 re
300 719 531 798 Bambergensis
559 721 692 780 recensio
721 723 752 780 et
775 720 942 780 Nazariana
969 720 1049 779 inter
1078 739 1110 779 se

98 810 242 869 differunt
264 809 345 887 quod
372 809 404 866 in
426 810 452 870 B
475 810 574 868 161166
596 808 708 868 Floras
734 809 766 866 in
795 807 817 868 O
840 809 877 868 L.
892 806 1016 868 Annuus
1037 808 1111 868 Flo-

97 916 151 958 ras
184 899 277 958 audit.
326 917 424 974 neque
451 918 521 958 vero
554 899 586 956 in
610 899 641 958 N
668 899 789 957 demum
817 899 895 958 etL
924 901 955 957 et
982 898 1013 956 in
1041 899 1110 958 aliis

99 987 232 1047 eiusdem
261 987 364 1064 stirpis
391 986 476 1046 libris
504 1005 687 1063 praenomen
715 990 746 1046 et
772 1006 881 1046 nomen
909 989 1024 1064 extant,
1057 987 1110 1046 sed

100 1077 162 1136 iam
185 1077 223 1135 ab
247 1095 282 1136 eo
306 1076 359 1153 qui
380 1078 542 1154 prologum
564 1076 685 1152 scripsit
706 1076 738 1134 in
761 1077 862 1137 codice
886 1095 945 1153 quo
967 1075 1111 1135 utebatur

98 1166 222 1227 inventa
245 1169 316 1225 sunt
339 1156 379 1246 (v.
398 1186 427 1242 p.
447 1157 601 1247 XXVIH).
638 1167 742 1224 contra
764 1165 828 1224 Iota
853 1184 962 1224 nomen
989 1168 1060 1224 ante
1082 1165 1109 1223 B

99 1274 157 1313 non
178 1255 308 1314 occurrit
326 1257 358 1313 et
375 1254 452 1330 ideo,
472 1255 552 1331 quod
570 1272 753 1331 praenomen
772 1255 800 1312 ei
821 1274 882 1314 non
903 1254 1110 1331 praeponitur,

98 1343 298 1421 suspicionem
324 1346 436 1404 movet.
481 1363 552 1403 nam
579 1346 697 1403 constat
723 1361 742 1402 a
767 1343 861 1402 medii
888 1343 955 1404 aevi
976 1343 1109 1402 librariis

98 1452 158 1493 non
186 1434 284 1492 solum
311 1433 491 1509 scriptorum
518 1433 640 1493 nomina
666 1433 773 1492 misere
804 1435 947 1509 corrupta
977 1449 1041 1491 esse
1064 1463 1111 1472 -

98 1522 129 1580 in
152 1523 291 1599 catalogo
314 1521 515 1582 bibliothecae
534 1522 799 1582 Laureshamensis
818 1522 932 1581 saeculi
949 1520 993 1579 IX
1010 1519 1110 1579 Ancaei

96 1610 183 1670 Flori
204 1611 236 1669 in
258 1612 354 1670 ,1161111
374 1610 463 1670 Fore
484 1615 636 1671 mutatum
660 1614 706 1670 est
729 1613 760 1670 et
782 1611 814 1669 in
840 1611 979 1687 catalogo
1001 1610 1108 1669 Lemo-

97 1700 210 1761 vicensi
237 1701 350 1758 saeculi
373 1700 431 1758 XII
460 1699 561 1759 66666
587 1700 699 1758 Floras
725 1689 943 1779 memoratur1)
967 1730 1022 1776 -,
1056 1698 1109 1757 sed

97 1807 113 1847 e
140 1788 279 1865 pluribus
306 1789 479 1848 nominibus
507 1809 600 1848 unum
627 1790 677 1849 vel
705 1789 763 1848 duo
793 1792 824 1848 et
852 1787 998 1862 imprimis
1020 1806 1108 1863 prae-

96 1897 205 1937 nomen
235 1881 290 1936 aut
321 1896 429 1936 nomen
460 1880 607 1953 tanquam
637 1877 760 1936 inutilia
792 1880 824 1936 et
850 1896 868 1935 a
896 1895 968 1935 suae
996 1876 1108 1934 aetatis

96 1985 178 2026 more
202 1965 395 2026 abhorrentia
416 1967 590 2042 frequenter
609 1966 719 2026 omissa
738 1985 810 2026 esse.
847 1966 951 2042 itaque
971 1965 1109 2024 etiamsi

97 2075 157 2115 non
185 2055 262 2114 aliae
291 2073 412 2132 causae,
440 2055 477 2113 de
506 2055 616 2132 quibus
642 2056 722 2114 intra
750 2055 910 2114 dicendum
937 2056 996 2131 est,
1025 2071 1108 2113 acce·

98 2144 216 2221 dorent,
239 2163 386 2221 perquam
407 2143 562 2220 probabile
587 2144 739 2204 videretur
762 2143 785 2204 Ο
807 2144 925 2205 veriora
947 2142 1108 2203 tradidisse

97 2253 188 2310 quam
209 2233 244 2293 B.
289 2233 321 2292 id
349 2234 428 2292 enim
459 2234 539 2310 quod
562 2234 681 2293 obstare
703 2235 815 2310 putant
836 2233 914 2292 [aa
935 2252 995 2291 non
1018 2233 1108 2292 facile

96 2322 128 2380 in
145 2323 209 2381 Iao·
228 2322 379 2399 corrumpi
396 2313 573 2405 potuissel),
596 2342 656 2383 non
676 2322 828 2383 obiciatis
848 2322 901 2400 qui
918 2323 1109 2398 reputaverit

96 2411 139 2485 N,
176 2431 266 2489 quem
297 2412 344 2470 his
376 2412 408 2470 in
439 2413 529 2471 rebus
562 2414 653 2487 paulo
685 2412 811 2488 propius
843 2412 880 2470 ad
907 2411 934 2469 X
966 2410 1108 2470 accedere

97 2519 189 2577 quum
207 2500 233 2558 B
256 2500 424 2560 videbimus
442 2493 486 2581 (p.
506 2501 574 2559 LIX
584 2493 651 2581 sq.),
674 2500 825 2560 interdum
848 2501 969 2559 litterae
989 2498 1012 2559 Ο
1030 2499 1108 2558 hanc

96 2589 271 2648 formamE
300 2579 508 2669 servavisse³).
557 2590 581 2647 I
583 2589 640 2648 ΠΕ
663 2592 765 2648 autem
789 2608 807 2647 a
830 2589 924 2648 LUE
945 2608 1005 2648 non
1028 2589 1107 2646 mul·

95 2681 162 2736 tum
186 2677 289 2736 abesse
313 2678 381 2754 quis
405 2677 527 2753 estqui
550 2696 610 2736 non
633 2675 756 2737 videat?
790 2693 793 2700 ·

116 2934 127 2987 l
169 2867 194 2933 1)
212 2882 237 2917 v.
257 2864 286 2917 P.
301 2863 437 2917 Manitius
461 2862 491 2916 in
516 2864 622 2916 ‘museo
641 2862 788 2917 Rhenano'
809 2863 908 2917 XLVII
927 2865 1018 2932 (1892)
1043 2879 1108 2931 sup-

128 2951 178 2989 em.
219 2941 280 2988 .72.

96 2952 115 3004 p
167 2954 407 3075 apachmidinger
424 3005 442 3058 1.
463 3022 485 3060 6.
504 3023 531 3075 p.
548 3011 647 3072 781sq.
662 3005 735 3060 ΝΕ
749 3021 783 3060 ex
796 3005 846 3060 IV
855 3006 922 3060 libri
935 3007 1027 3058 ortum
1045 3020 1107 3058 esse

95 3080 190 3148 putat,
210 3078 260 3131 sed
279 3077 315 3132 ab
333 3077 362 3130 F.
382 3076 502 3131 Ruehlio
525 3076 666 3130 refutatur
684 3076 833 3145 (‘Berliner
850 3075 948 3145 philol.
967 3075 1107 3130 Wochen-

96 3148 206 3203 schrift'
227 3149 278 3202 XV
297 3149 392 3221 [1895]
411 3167 438 3217 p.
454 3152 523 3218 237).
859 3158 862 3164 '

168 3223 194 3289 3)
212 3238 239 3290 p.
256 3225 311 3288 61
330 3219 357 3272 N
375 3220 446 3273 haec
467 3219 567 3274 habet:
590 3218 1107 3274 AREGE·ROMVn1NEEsare:

94 3310 121 3362 p.
139 3297 211 3361 17,6
240 3291 468 3346 ETRVSEVM
488 3292 529 3361 (11
550 3292 674 3345 correcta
697 3306 731 3343 611
756 3289 790 3359 0)
814 3289 945 3356 REHE;
981 3307 1007 3358 p.
1028 3295 1104 3359 21,1

97 3363 231 3418 Facis-
246 3363 344 3418 EVM
356 3365 501 3416 -ceterum
518 3365 586 3416 nota
605 3364 648 3416 est
667 3361 766 3415 eadem
784 3359 895 3415 litterae
914 3363 943 3414 Σ
958 3360 1051 3414 forma
1072 3377 1115 3412 ex

35 3436 38 3442 '
95 3433 275 3488 Hadrianeae
289 3433 392 3488 aetatis
406 3433 498 3487 titulis
514 3432 636 3489 Graecis.
660 3449 841 3504 quamquam
851 3426 1143 3496 autemmiia’e'm'xs·

96 3505 195 3560 eodem
214 3508 269 3559 tem
291 3521 338 3560 ore
360 3504 467 3577 incisis,
487 3506 567 3578 quod
585 3506 689 3579 sciam,
710 3523 776 3563 nou
793 3502 943 3569 occurrit,
960 3501 1073 3550 tamen
1084 3490 1162 3562 ‘ium

87 3578 183 3642 potest
202 3579 233 3630 ut
250 3523 290 3631 cI
301 3577 366 3649 ipso
380 3579 461 3637 Flori
476 3583 670 3658 autographo
685 3580 842 3654 originem
853 3575 962 3631 66666.
987 3577 1072 3618 nam
1079 3555 1187 3608 susam
