2436 3826
435 205 473 275 11,
493 209 535 260 aa.
555 208 590 256 31
608 204 683 276 (1111,
703 208 756 275 11).
1042 202 1104 268 181

94 392 126 434 se
152 370 349 452 recipiebant,
377 378 473 431 castra
497 390 561 452 sua,
590 374 659 450 quia
681 374 713 433 in
735 372 823 452 plano
847 378 944 452 erant,
971 370 1103 431 habitare

94 469 124 523 et
151 461 281 522 incolere
305 462 405 520 iussit:
434 459 476 520 ibi
499 462 595 538 gentis
618 479 684 521 esse
708 461 879 542 consilium,
906 459 979 520 illud
1003 460 1103 520 obser·
1123 472 1157 522 6ο

94 553 158 610 vari
181 556 277 629 caput.
314 549 430 609 larebat
453 549 577 610 consilio
600 557 705 610 natura
728 552 867 628 regionis.
905 551 985 609 circa
1008 550 1104 608 omnis

95 639 222 700 aurifera
262 644 292 698 et
328 637 528 717 chrysocollae
565 641 708 717 miniique
746 646 776 699 et
812 638 937 698 aliorum
973 637 1105 697 colorum

67 729 185 788 oleran.
227 729 327 805 itaque
352 729 486 798 exerceri
510 727 603 787 solum
628 730 724 788 iussit.
764 729 808 787 sio
830 728 952 787 Astures
975 728 1106 786 nitentes

95 819 127 877 in
149 815 297 897 prolundo
321 833 393 894 opes
417 834 486 876 suas
509 822 598 894 atque
621 815 749 896 divitias,
773 815 844 875 dum
867 814 932 875 aliis
953 821 1106 894 quaerunt,

95 924 184 966 nosse
208 911 378 983 coeperunt.

95 1100 236 1160 llllllllll.
261 1099 334 1160 ΡΑΧ
352 1098 580 1159 PARTHORVM
598 1098 647 1158 ET
666 1097 924 1160 CONSECRATIO
943 1098 1106 1159 AVGVSTI.

164 1240 308 1302 Omnibus
341 1241 377 1300 ad
410 1259 547 1300 occasum
580 1246 609 1299 et
636 1241 792 1301 meridiem
819 1244 931 1320 pacatis
960 1239 1108 1321 gentibus,
1126 1252 1159 1301 61

57 1346 83 1385 ιο
98 1329 133 1390 ad
162 1332 395 1409 septentrionem
424 1347 540 1407 quoque
564 1327 634 1388 dum
657 1336 737 1390 taxat
759 1332 837 1390 intra
859 1330 996 1389 Rhenum
1019 1338 1106 1407 atque

96 1418 274 1498 Danuvium,
302 1420 374 1477 item
402 1416 438 1476 ad
467 1419 614 1476 orientem
642 1419 719 1477 intra
743 1417 852 1497 Cyrum
876 1425 905 1478 ct
927 1417 1108 1497 Euphraten,

98 1506 142 1567 illi
166 1503 287 1585 quoque
306 1505 423 1585 reliqui,
447 1507 498 1583 qui
519 1507 667 1565 immunes
686 1508 806 1584 imperii
825 1513 917 1585 erant,
941 1505 1109 1565 sentiebant

97 1603 196 1656 tamen
227 1593 461 1672 magnitudinem
494 1599 524 1652 et
550 1595 694 1653 victorem
722 1597 852 1672 gentium
880 1594 1023 1673 populum
1050 1593 1107 1653 Ro-

97 1703 216 1746 manum
244 1683 465 1744 reverebantur.
511 1699 579 1741 nam
608 1688 638 1741 et
661 1682 785 1761 Scythae
811 1685 920 1743 misere
943 1682 1055 1760 legatos
1079 1690 1108 1743 et
1127 1693 1159 1744 62

59 1788 83 1828 15
98 1774 247 1834 Sarmatae
276 1773 436 1832 amicitiam
462 1778 606 1850 petentes.
652 1770 740 1831 Seres
769 1773 857 1831 etiam
883 1769 1107 1850 habitantesque

98 1862 152 1922 sub
180 1865 245 1942 ipso
275 1861 335 1921 sole
359 1859 424 1921 lndi
452 1878 520 1920 cum
542 1861 667 1937 gemmis
691 1867 721 1920 et
744 1862 912 1938 margaritis
936 1859 1108 1940 elephantos

99 1970 216 2030 quoque
243 1953 322 2011 inter
345 1967 469 2009 munera
491 1948 642 2008 trahentes
665 1948 740 2009 nihil
763 1951 857 2027 magis
881 1967 970 2028 quam
993 1948 1108 2027 longin-

99 2042 241 2118 quitatem
272 2040 335 2098 viae
369 2037 543 2116 inputabant
570 2071 612 2079 —
642 2038 870 2117 quadriennium
901 2037 1108 2119 impleverant3

99 2136 129 2187 et
151 2131 209 2188 iam
233 2129 297 2205 ipse
321 2126 474 2187 hominum
497 2125 578 2186 color
600 2125 636 2186 ab
655 2126 713 2186 alio
732 2129 833 2188 venire
853 2126 934 2187 caclo
954 2126 1108 2187 fatebatur.

170 2303 184 2350 1
205 2313 255 2350 sua
274 2296 323 2350 sed
341 2313 414 2365 quae
432 2297 466 2350 N
481 2312 532 2350 sua
550 2296 655 2365 sedquc
669 2297 696 2351 L
716 2300 720 2367 1
740 2297 854 2368 inpleno
873 2298 900 2352 L
920 2301 929 2368 11
950 2304 966 2352 2
985 2297 1109 2368 bigentis

99 2368 132 2420 N
146 2367 270 2437 ingentis
289 2369 315 2422 L
335 2370 339 2436 1
360 2367 410 2421 ubi
432 2374 496 2422 arcte
518 2366 591 2421 illud
610 2370 673 2424 odd.
688 2370 730 2423 Bl
751 2371 754 2437 1
774 2369 847 2422 illud
866 2369 895 2439 (d
914 2372 945 2424 ira
962 2371 975 2423 t
993 2372 1110 2425 mutavit

97 2457 131 2494 m.
148 2442 174 2508 1)
192 2440 227 2493 N
243 2441 247 2508 1
268 2438 417 2492 obseruare
431 2439 472 2493 B¹
490 2441 500 2507 11
518 2444 534 2491 3
552 2439 670 2493 fauebat
687 2457 738 2495 om.
759 2440 782 2495 0
799 2443 803 2510 1
822 2440 951 2510 positura
969 2440 1030 2508 1311
1047 2458 1110 2494 cum

93 2517 158 2581 post
175 2509 250 2564 circa
268 2511 332 2565 cdd.
347 2510 388 2563 B¹
407 2525 436 2563 se
456 2511 521 2564 add.
539 2510 562 2565 0
577 2509 757 2564 circumcirca
770 2513 889 2566 Iahnius
907 2511 982 2565 circa
1001 2511 1110 2565 scilicet

97 2583 226 2636 Doberos
245 2581 319 2662 circa
338 2580 412 2634 enim
430 2581 560 2661 Halmius
573 2582 613 2650 114
632 2580 770 2682 apriferpe
784 2582 825 2635 B¹
844 2581 966 2636 aurifera
984 2583 1109 2636 6111111-

97 2650 443 2790 111ἑέᾳὲῗέἕοῖἚὲ
460 2652 648 2790 tltttt
666 2651 1111 2792 fututrttrtttttlt

97 2795 284 2848 Baehrerrsius
308 2796 312 2861 1
339 2791 379 2847 sic
402 2793 496 2845 astare
515 2792 555 2845 B¹
579 2791 603 2845 si
626 2799 736 2846 castum
758 2808 802 2846 res
821 2794 856 2846 N
875 2792 915 2848 sic
937 2795 1045 2847 astures
1064 2795 1095 2846 N
1100 2793 1111 2824 ²

99 2864 139 2918 aio
166 2864 296 2917 hasturea
319 2864 346 2916 L
371 2865 375 2931 1
400 2865 433 2916 ut
459 2862 581 2916 latentes
605 2863 639 2916 N
661 2866 694 2916 ut
720 2863 860 2918 lactantes
883 2864 910 2917 L
937 2863 967 2917 ui
990 2865 1110 2918 latentes

97 2936 217 2990 Iahnius
235 2937 244 3004 11
263 2940 279 2987 6
294 2941 358 3003 port
374 2933 514 3004 profundo
533 2935 680 3003 (posterior
698 2950 714 2988 ο
733 2937 822 3004 craso)
841 2936 941 2990 dcsim't
959 2936 1000 2988 B¹
1018 2937 1050 2990 a'ra
1068 2952 1110 2990 co·

98 3009 169 3063 dicis
183 3008 291 3076 popina
308 3007 421 3074 ultima,
444 3006 523 3060 cuias
540 3007 589 3060 or'cc
608 3012 708 3074 quarta
722 3023 791 3075 pars
809 3008 917 3076 expleta
935 3012 973 3061 cot
996 3009 1000 3074 1
1025 3008 1110 3074 atque

99 3077 159 3131 diui
187 3075 303 3130 diuitias
327 3077 353 3130 L
380 3079 389 3146 11
415 3083 431 3130 8
456 3093 506 3131 om.
528 3075 551 3131 0
576 3078 585 3147 11
613 3082 647 3131 10
672 3076 708 3130 ad
732 3084 795 3132 urite
818 3077 1037 3147 septentrionem
1059 3095 1109 3132 om.

98 3150 132 3203 N
150 3151 160 3219 11
184 3154 216 3200 11
242 3147 397 3201 danubium
415 3149 441 3201 L
496 3164 608 3217 ecyrum
626 3148 661 3202 N
680 3146 768 3203 cirum
787 3150 824 3205 L:
844 3166 912 3204 corr.
933 3149 1084 3204 Salmasrm
1105 3148 1108 3219 1

99 3220 227 3274 eufraten
246 3220 280 3272 N
294 3218 402 3272 eufrate
421 3220 448 3273 L
470 3221 474 3289 1
498 3225 529 3273 12
548 3218 593 3272 illi
611 3221 758 3288 (posterior
776 3219 787 3272 l
804 3238 891 3290 supra
908 3237 1014 3275 versura
1032 3238 1066 3274 m.
1080 3222 1110 3285 2)

98 3291 131 3345 N
141 3293 150 3360 11
165 3296 198 3343 13
213 3289 375 3345 uictoriam:
390 3307 458 3352 corr.
470 3308 511 3361 cp.
529 3293 532 3359 1
548 3289 646 3360 populi
660 3289 782 3348 romani:
796 3309 865 3348 corr.
875 3309 916 3415 oq.
929 3290 1109 3363 [Romanum]

101 3363 207 3417 Tollius
224 3364 233 3431 11
253 3367 287 3414 14
306 3361 403 3429 scytha
423 3363 446 3430 (s
464 3379 550 3431 supra
567 3380 673 3417 versam
691 3381 724 3416 m.
740 3364 770 3431 2)
789 3364 824 3417 N
837 3362 892 3416 scit
913 3364 969 3417 eL
986 3365 995 3432 11
1016 3368 1049 3415 16
1068 3361 1110 3415 in-

99 3432 192 3487 dicam
215 3432 332 3504 gemmis
352 3432 379 3485 L
401 3434 410 3502 11
434 3437 467 3486 17
484 3434 614 3487 munerat
633 3433 656 3502 (t
673 3436 810 3502 repararit
826 3453 860 3489 m.
876 3436 903 3503 1)
922 3434 956 3487 N
974 3436 983 3503 11
1007 3439 1040 3487 18
1058 3432 1110 3486 im-

98 3504 246 3573 putabant.
257 3505 283 3558 L
300 3506 304 3573 1
320 3520 405 3572 quam
423 3510 486 3558 orate
500 3502 684 3571 quadriennio
699 3506 759 3574 (sict
773 3507 842 3560 odd.
852 3505 952 3572 Ltus
966 3505 1134 3553 atumem

98 3592 166 3630 corr.
181 3575 365 3631 Momraserrrrs
379 3575 477 3631 tamen
491 3576 544 3633 dcl.
560 3575 651 3634 Anno
665 3576 762 3634 Fato
773 3574 888 3647 impes
899 3572 938 3639 Q&
950 3558 1148 3633 crpormtmb
