2436 3826
136 194 179 258 16
496 196 605 247 suom
623 195 783 246 memoras

84 376 116 424 17
136 363 210 424 duce
238 361 427 423 llasdrubale.
474 372 582 440 quanto
611 361 716 420 lortius
744 359 853 419 lemina
880 363 912 417 et
937 372 1014 416 uxor
1040 351 1143 414 ducis!

136 469 211 531 quae
234 451 447 530 conprehensis
470 450 585 510 duobus
607 449 711 509 liberis
734 467 750 508 a
774 447 901 507 culmine
926 463 957 505 se
981 443 1088 504 domus
1110 444 1144 502 in

137 540 267 601 medium
285 543 368 600 misit
385 539 556 600 incendium
571 540 684 598 imitata
698 539 829 615 reginam
844 553 919 613 quae
933 532 1144 610 Carthaginem

85 629 275 691 recondidit.
321 635 430 708 quanta
457 627 528 687 urbs
557 626 652 687 deleta
679 629 731 706 sit,
758 633 792 686 ut
818 624 855 684 de
882 625 990 684 ceteris
1017 628 1144 700 taceam,

137 718 182 779 vel
209 720 322 797 ignium
349 735 431 778 mora
457 716 578 795 probari
604 722 725 794 postest
771 716 880 792 quippe
906 730 962 791 per
983 712 1144 771 continuos
1170 728 1182 768 s

138 807 239 867 decem
263 813 293 867 et
317 813 430 884 septem
453 805 516 865 dies
540 807 588 863 vix
606 806 704 883 potuit
722 802 892 863 incendium
911 801 1044 878 extingui
1063 797 1144 877 quod

137 895 273 955 domibus
292 914 326 974 ap
344 893 463 973 templis
482 895 544 953 suis
563 898 667 971 sponte
685 892 786 952 hostes
804 892 992 968 inmiserant3
1014 895 1049 948 ut
1072 905 1144 965 qua-

138 991 225 1043 tenus
248 983 320 1042 urbs
343 985 420 1060 eripi
437 980 578 1041 Romanis
601 998 660 1040 non
682 987 807 1061 poterat,
829 977 998 1058 triumphus
1016 977 1144 1037 arderet„

384 1193 498 1254 XXXII.
530 1192 678 1253 BELLVM
700 1191 894 1254 ACHAICVM.

32 1334 125 1419 11,16
207 1336 297 1408 Quasi
328 1336 478 1397 saeculum
509 1335 581 1396 illud
614 1335 818 1395 eversionibus
850 1333 969 1394 urbium
1000 1339 1145 1412 curreret,
1159 1350 1184 1389 1o

141 1428 180 1487 ita
204 1425 389 1504 Carthaginis
416 1427 532 1486 ruinam
559 1427 659 1485 statim
682 1423 839 1485 Corinthos
862 1424 991 1502 excepit,
1017 1421 1144 1482 Achaiae

140 1522 237 1596 caput,
252 1514 391 1576 Graeciae
410 1514 509 1595 decus,
527 1516 606 1574 inter
624 1514 682 1573 duo
696 1516 798 1594 maria,
815 1513 931 1573 lonium
944 1518 975 1572 et
988 1509 1145 1589 Aegaeum,

141 1607 226 1684 quasi
249 1604 415 1684 spectaculo
439 1605 579 1683 exposita.
624 1603 697 1663 haec
720 1637 762 1644 —
786 1602 900 1662 lacinus
923 1599 1078 1678 indignum
1100 1632 1144 1640 -

139 1701 207 1754 ante
239 1711 380 1773 oppressa
409 1699 455 1754 est
482 1711 571 1772 quam
596 1694 628 1751 in
654 1709 812 1751 numerum
839 1697 988 1751 certorum
1014 1687 1146 1747 hostium

105 1795 121 1843 2
140 1782 310 1844 referretur.
352 1781 497 1843 Critolaus
520 1799 608 1842 causa
630 1780 709 1860 belli,
733 1783 786 1858 qui
807 1778 944 1839 libertate
967 1797 983 1837 a
1003 1776 1144 1836 Romanis
1159 1791 1184 1833 ιε

141 1871 207 1932 data
230 1871 371 1932 adversus
393 1873 474 1950 ipsos
497 1889 570 1931 usus
591 1876 637 1930 est
654 1867 824 1947 legatosque
841 1867 998 1947 Romanos,
1020 1863 1145 1926 dubium

106 1973 178 2021 ean
202 1967 232 2021 et
254 1978 355 2039 manu,
383 1967 463 2019 certe
486 1961 618 2018 oratione
640 1956 766 2018 violavit.
811 1959 903 2035 igitur
924 1953 1041 2015 Metello
1065 1955 1144 2014 ordi-

140 2050 223 2109 nanti
245 2065 313 2108 cum
336 2048 460 2107 maxime
479 2046 679 2107 Macedoniam
699 2045 835 2106 mandata
853 2052 899 2105 est
917 2043 1003 2124 ultio;
1026 2050 1057 2103 et
1073 2043 1145 2103 hine

141 2136 300 2196 Achaicum
330 2133 449 2195 bellum.
494 2153 528 2194 ac
557 2137 687 2213 primum
714 2133 835 2196 Critolai
862 2151 981 2194 manum
1008 2131 1145 2192 Metellus

105 2237 122 2284 4
141 2223 245 2285 consul
267 2242 322 2302 per
343 2226 472 2302 patentis
493 2222 587 2283 Elidis
610 2241 729 2302 campos
751 2231 813 2284 toto
836 2221 944 2283 cecidit
965 2220 1079 2300 Alphio.
1116 2229 1146 2281 et
1159 2239 1185 2278 uo

142 2330 200 2372 uno
228 2310 341 2391 proelio
367 2319 521 2390 peractum
547 2319 611 2372 erat
637 2310 760 2393 bellum,
787 2313 846 2371 iam
869 2318 900 2372 et
922 2311 1027 2371 urbem
1050 2312 1145 2389 ipsam

141 2399 272 2461 terrebat
304 2399 431 2481 obsidi03
468 2400 520 2461 sed
549 2434 591 2442 -
619 2399 677 2461 lata
713 2418 814 2461 rerum
842 2434 884 2442 -
911 2418 980 2460 cum
1010 2397 1146 2460 Metellus

217 2576 231 2624 1
260 2570 441 2626 hosidrubale
472 2570 494 2641 (i
521 2573 656 2640 eupuuxit
681 2589 715 2626 m.
742 2574 773 2641 2)
799 2571 833 2623 N
861 2568 1012 2625 asdrubale
1039 2570 1066 2623 L
1093 2571 1103 2639 1
1130 2574 1146 2622 2

141 2641 319 2712 conpreemis
346 2643 374 2697 Β
399 2645 410 2712 1
436 2648 453 2697 3
482 2641 624 2697 immituta
663 2659 750 2711 supro
776 2644 952 2711 posteriorem
982 2657 1000 2694 a
1027 2643 1148 2712 virpulo,

137 2731 209 2786 puae
227 2731 256 2767 m
269 2715 414 2786 eipuifieat‚
428 2716 517 2783 erasa)
531 2715 559 2768 Β
572 2717 582 2784 1
596 2718 612 2766 6
625 2729 660 2767 ue
685 2712 794 2784 ignium
805 2712 829 2767 0
839 2712 874 2766 de
888 2711 962 2783 ignis
972 2713 1000 2767 Β
1016 2713 1021 2779 1
1036 2714 1149 2782 poteest

141 2787 168 2841 Β
190 2788 200 2856 11
223 2790 238 2839 7
258 2785 388 2857 ademplis
407 2785 460 2910 Li
475 2786 573 2855 sponte
592 2787 617 2854 (s
635 2802 722 2854 supra
738 2801 844 2839 omnum
861 2802 895 2839 m.
913 2786 942 2853 2)
960 2783 995 2837 N
1012 2784 1023 2853 1
1045 2787 1061 2836 8
1079 2783 1147 2838 urbe

141 2858 169 2925 (b
191 2874 278 2927 supra
299 2860 414 2927 uersum)
481 2858 491 2927 1
514 2861 529 2908 9
553 2869 714 2911 eumcum
730 2855 762 2908 N
783 2856 792 2923 1
816 2858 848 2907 11
871 2854 915 2908 itu
936 2872 987 2910 om.
1010 2854 1050 2923 B,
1074 2861 1105 2909 ut
1122 2873 1146 2910 v,

140 2931 230 2997 122,
243 2933 276 2998 8,·
293 2930 333 2983 Π
347 2934 399 2996 13,
413 2932 449 2983 73
473 2927 478 2999 1
502 2926 646 2982 corinthus
664 2926 725 2980 BL
750 2924 892 2980 corinthon
910 2928 941 2995 (r
957 2943 1044 2995 supro
1058 2932 1147 2995 poste·

140 3001 239 3055 riorem
256 3015 273 3053 o
290 3018 325 3054 m.
344 3002 375 3069 2)
393 2999 443 3068 Nl
459 2997 565 3068 exeipit
581 3000 633 3067 Β1
651 3002 686 3050 14
703 3012 818 3050 numero
837 2996 865 3050 Β
880 2997 885 3069 1
900 2998 1039 3051 certorum
1057 2998 1149 3065 (orum

139 3077 288 3127 correction
305 3088 339 3126 ec
356 3072 415 3139 um)
432 3071 461 3124 B
482 3073 492 3139 1
516 3074 549 3123 15
565 3068 728 3124 libertatem
751 3069 790 3136 (m
808 3070 944 3136 expunxit
960 3086 994 3123 m.
1013 3070 1045 3137 2)
1063 3067 1098 3121 N
1109 3070 1114 3138 1
1130 3083 1149 3121 o

140 3158 190 3197 ocu.
210 3143 238 3196 Β
251 3143 261 3212 1
275 3146 308 3197 16
327 3140 397 3195 dete
414 3156 464 3195 om.
484 3141 518 3194 N
528 3143 533 3206 1
550 3139 668 3194 dubium
684 3140 781 3192 manet
798 3155 884 3193 menn
900 3140 927 3192 Β
940 3140 950 3209 1
965 3144 996 3192 17
1017 3137 1147 3193 ordinato

140 3216 150 3282 (
174 3211 605 3282 oot.oeuieorreetum.2)Nll
621 3211 1148 3280 18cumiu·cd·(=eouml)mutuoit

180 3285 188 3316 ¹
205 3286 209 3353 1
224 3282 406 3339 macedoniae
424 3284 500 3338 codd.
519 3281 702 3337 Macedoniae
720 3282 826 3334 statum
845 3281 976 3336 Halmius
990 3284 996 3349 Ι
1010 3280 1148 3335 mundata

140 3357 182 3426 (te
199 3373 285 3426 supra
301 3371 407 3412 omeum
419 3372 453 3409 m.
467 3356 498 3424 2)
512 3354 546 3409 N
557 3356 561 3423 1
577 3352 648 3407 ultio
663 3370 713 3408 om.
728 3354 756 3407 Β
769 3354 826 3477 bum
844 3351 965 3422 primam
978 3352 1012 3406 N
1025 3351 1147 3423 primum

140 3429 170 3479 ‘u
188 3433 307 3483 coerceto
325 3443 358 3481 ex
371 3428 398 3495 1)
412 3425 439 3479 L
452 3427 462 3494 11
474 3429 510 3478 20
527 3426 656 3494 putentes
671 3425 705 3478 N
707 3422 718 3454 2
733 3425 738 3492 1
754 3439 769 3478 e
784 3422 836 3476 'dis
851 3423 886 3478 N
897 3428 902 3494 1
918 3421 992 3477 ulfeo
1009 3423 1051 3493 01
1064 3428 1097 3477 11
1118 3424 1148 3479 et

185 3496 258 3551 onim
280 3497 309 3552 Β
328 3499 340 3565 1
362 3502 396 3550 21
419 3495 481 3550 luta
504 3496 530 3566 (ο
552 3513 639 3567 supra
656 3497 832 3566 posteriorem
855 3510 874 3548 o
892 3497 988 3564 posuit
1009 3513 1044 3550 m.
1063 3496 1094 3564 2)
1117 3494 1152 3549 N

180 3567 252 3622 ‘ab
261 3569 277 3638 l
286 3565 422 3624 metellus
441 3569 483 3640 (et
499 3586 589 3642 stupra
606 3584 716 3627 uersum
732 3585 768 3623 m.
788 3568 815 3637 11
833 3565 862 3620 Ν
