2436 3826
131 188 194 254 158
491 191 602 242 onom
619 189 777 241 armoni

130 357 323 418 consalutant.
363 355 448 416 nullo
472 356 549 416 bono
572 373 655 415 more
678 356 882 415 triumviratus
905 354 1060 435 invaditur,
1084 365 1136 433 op-'

129 464 290 526 pressaque
310 448 399 505 armis
418 465 451 505 re
471 444 588 522 publica
607 444 685 504 redit
704 443 819 523 Syllana
837 445 1026 524 proscriptio,
1049 446 1136 504 cuius

131 537 268 595 atrocitas
292 533 365 594 nihil
387 536 419 593 in
443 552 474 593 se
497 536 595 593 minus
618 533 707 593 babet
730 551 817 611 quam
840 550 996 592 numerum
1015 540 1136 593 centum

94 635 112 682 4
131 631 160 685 et
183 624 375 703 quadraginta
399 629 576 682 senatorum.
614 624 710 682 exitus
734 620 812 681 foedi
832 629 932 681 truces
950 621 1136 682 miserabiles

129 721 191 773 toto
218 720 365 773 terrarum
394 711 464 771 orbe
493 711 676 789 fugientium.
722 713 788 788 quis
815 728 869 788 pro
892 710 1067 788 indignitate
1091 713 1137 770 rei
1165 721 1178 762 ⁵

129 805 323 882 ingemescat,
355 811 426 861 cum·
449 799 593 859 Antonius
621 798 746 859 Lucium
773 798 929 859 Caesarem
959 799 1138 859 avunculum

131 909 226 971 suum,
240 889 370 967 Lepidus
380 889 504 949 Lucium
514 887 636 948 Paulum
651 888 772 947 fratrem
787 906 873 947 suum
883 885 1137 966 proscripserint?

95 978 238 1039 ollomae
261 980 358 1057 'capita
381 996 535 1038 caesorum
557 994 724 1055 proponere
743 978 774 1035 in
792 978 898 1036 rostris
917 979 975 1036 iam
994 979 1136 1038 usitatum

130 1075 206 1148 erat3
229 1085 332 1127 verum
355 1069 398 1126 sio
418 1083 535 1145 quoque
555 1067 658 1125 civitas
676 1064 812 1124 lacrimas
831 1071 933 1125 tenere
953 1083 1011 1124 non
1029 1068 1135 1146 potuit,

129 1174 197 1216 cum
224 1158 353 1216 recisum
377 1155 529 1216 Ciceronis
552 1160 639 1233 caput
663 1155 693 1213 in
716 1153 776 1212 illis
800 1155 862 1213 suis
885 1156 989 1214 rostris
1012 1154 1178 1235 videret,1⁰

129 1262 185 1305 nec
208 1244 293 1312 aliter
317 1243 535 1304 adridendum
559 1261 626 1303 eum
650 1261 738 1322 quam
762 1241 875 1302 solebat
897 1242 933 1302 ad
956 1242 1135 1304 audiendum

94 1344 110 1389 s
130 1340 366 1394 concurreretur.
404 1333 476 1393 haec
500 1331 612 1392 scelera
634 1334 665 1392 in
688 1331 809 1391 Antonii
826 1330 989 1411 Lepidique
1012 1331 1134 1412 tabulis3

129 1421 237 1483 Caesar
268 1421 495 1501 percussoribus
528 1423 620 1500 patris
653 1427 809 1481 contentus
842 1421 898 1480 fuit
929 1421 995 1481 ideo
1025 1439 1076 1501 ne,
1109 1423 1135 1480 si

128 1511 221 1572 inulta
244 1511 361 1591 luisset,
384 1513 472 1570 etiam
495 1513 573 1570 iusta
596 1511 661 1570 eius
684 1510 789 1570 caedes
811 1508 979 1571 baberetur.

34 1757 124 1840 1111,‘l
244 1750 245 1754 ¹
330 1758 413 1819 XVII.
446 1757 594 1818 BELLVM
617 1756 720 1818 CASSI
742 1757 791 1816 ET
814 1756 933 1819 BRVTL
1149 1768 1175 1808 15

193 1917 302 1979 Brutus
330 1926 360 1979 et
386 1918 505 1980 Cassius
533 1920 575 1978 sic
599 1916 629 1978 C.
649 1916 805 1978 Caesarem
833 1920 918 1996 quasi
940 1917 1133 1996 Tarquinium

126 2025 227 2085 regem
255 2007 403 2085 depulisse
432 2024 523 2086 regno
546 2005 734 2088 videbantur,
762 2007 814 2066 sed
841 2006 1021 2087 libertatem,
1044 2025 1132 2085 quam

126 2097 252 2155 maxime
280 2098 447 2156 restitutam
474 2095 644 2175 voluerunt,
675 2095 726 2155 illo
754 2098 818 2174 ipso
846 2095 1005 2174 parricidio
1032 2094 1131 2172 perdi-

91 2183 243 2244 2derunt.
295 2186 386 2262 igitur
419 2184 507 2244 caede
539 2183 670 2262 perlecta
703 2202 770 2244 cum
802 2191 956 2243 veteranos
988 2181 1131 2262 Caesaris,

127 2289 181 2331 nec
205 2273 352 2353 inmerito,
375 2275 524 2352 timerent,
547 2274 647 2331 statim
670 2290 686 2331 e
710 2274 791 2332 curia
814 2275 845 2331 in
864 2271 1039 2350 Capitolium
1062 2289 1130 2332 con·
1145 2282 1172 2321 2⁰

126 2359 268 2437 fugerant.
305 2378 360 2420 nec
384 2361 442 2420 illis
466 2359 502 2420 ad
525 2358 668 2419 ultionem
687 2360 788 2419 deerat
807 2363 931 2440 animus,
954 2359 1006 2420 sed
1025 2361 1131 2420 ducem

196 2572 212 2618 2
230 2565 375 2636 republica
393 2565 478 2620 armis
499 2565 522 2621 Ο
539 2569 543 2636 Ι
564 2565 675 2620 sullana
694 2567 725 2619 N
743 2568 752 2635 ΙΙ
773 2573 788 2620 3
808 2565 838 2620 in
857 2565 978 2620 seminus
995 2565 1028 2618 N
1042 2563 1130 2636 insig-

124 2636 187 2690 nius
206 2639 390 2694 Mommsenus
406 2638 410 2707 Ι
426 2654 501 2706 quan
520 2639 546 2691 L
559 2639 600 2708 ill
618 2639 647 2691 et
665 2654 714 2692 om.
732 2637 756 2692 C
765 2639 804 2707 1Ιὸ
824 2637 890 2691 orbe
908 2639 1044 2692 terrarum
1062 2636 1130 2691 orbe

124 2711 217 2780 (prius
243 2710 309 2763 orbe
332 2712 449 2778 erasnm)
472 2710 500 2763 Β
524 2711 529 2779 Ι
552 2725 602 2779 pro
626 2707 727 2777 quibus
750 2717 813 2763 onte
836 2708 899 2778 quis
922 2709 985 2764 odd.
1006 2707 1029 2763 C
1050 2710 1056 2776 Ι
1078 2724 1130 2776 pro

125 2779 265 2852 dignitato
285 2781 325 2850 (ΙΙ
341 2780 382 2835 rei
400 2798 450 2835 om.
465 2782 493 2835 Β
506 2783 545 2851 llo
565 2779 733 2850 ingemiscat
751 2780 778 2833 L
791 2781 830 2850 lli
850 2798 931 2833 suum
948 2779 1065 2832 fratrem
1084 2778 1129 2852 Ol
1184 2789 1186 2793 '

122 2851 345 2922 proscripserunt
377 2853 452 2921 (runt
483 2853 639 2921 compendio
670 2853 811 2920 scriptum)
838 2851 865 2904 L
887 2853 896 2921 ll
919 2855 935 2903 8
962 2849 1037 2904 Nam
1069 2857 1132 2905 onte

122 2940 240 2977 romana
260 2925 321 2991 (sio)
342 2925 405 2978 odd.
419 2925 447 2978 Β
464 2926 467 2990 Ι
484 2939 627 2977 censorum
645 2923 679 2976 N
689 2925 727 2990 {19
746 2921 871 2975 lacrimis
885 2923 913 2976 Β
926 2923 936 2991 ΙΙ
952 2925 983 2974 10
997 2920 1132 2976 recissum

123 2995 150 3047 L
165 2998 169 3063 Ι
187 2993 244 3047 suis
263 2995 354 3063 (prior
373 3012 385 3047 s
403 3011 489 3063 snpra
507 3011 612 3049 uersum
629 3012 663 3047 m.
679 2996 705 3063 1)
724 2994 752 3047 Β
768 2993 772 3065 Ι
788 2993 931 3047 uideretur
946 2991 970 3046 C
984 2994 993 3061 ll
1015 2997 1048 3046 12
1068 3008 1131 3046 con-

123 3067 249 3119 curretnr
267 3066 294 3118 L
314 3066 318 3138 Ι
339 3064 481 3135 lapidibus
499 3066 531 3117 ln
548 3063 691 3133 lepidique
710 3066 827 3119 correxit
844 3065 885 3119 B¹
904 3065 913 3133 ll
936 3068 969 3116 13
988 3064 1129 3117 contentus

122 3139 150 3192 Β
166 3139 170 3205 Ι
186 3135 242 3190 fuit
258 3135 303 3190 his
322 3152 432 3206 quoque
449 3134 505 3189 nisi
521 3136 543 3190 0
558 3134 621 3204 fuit
639 3133 684 3188 his
706 3151 816 3203 quoque
835 3133 932 3203 caesis,
950 3149 986 3188 ne
1001 3133 1025 3187 si
1039 3133 1130 3187 inulta

122 3207 236 3278 fuisset,
264 3208 351 3263 etiam
374 3207 450 3261 iusta
472 3206 572 3261 caedes
594 3207 635 3261 ool
657 3204 725 3274 fuit,
752 3205 796 3259 his
820 3221 930 3274 quoque
951 3221 1009 3259 non
1032 3203 1129 3272 caesis,

121 3279 178 3334 nisi
200 3296 236 3333 ne
254 3279 279 3333 si
297 3280 437 3349 Souppc'ns
450 3280 459 3347 ΙΙ
474 3284 508 3332 14
525 3278 616 3331 multa
629 3277 656 3329 L
671 3275 675 3348 l
693 3275 752 3330 eins
771 3276 1130 3346 om.Clllonnvr1(aote

113 3351 144 3402 B
158 3368 241 3404 emsa
251 3351 288 3421 B)
304 3365 432 3406 aronam
450 3349 615 3404 nnnnan
633 3349 644 3419 ll
662 3353 695 3400 16
714 3346 806 3402 casius
820 3348 847 3401 L
868 3351 872 3417 Ι
892 3347 920 3402 0.
935 3364 985 3402 om.
1000 3347 1028 3400 Β
1040 3363 1067 3416 g.
1084 3344 1108 3400 0
1128 3348 1130 3412 l

102 3426 141 3471 17
159 3421 323 3488 depulisset
340 3424 371 3480 Β
392 3425 400 3494 l
424 3421 580 3479 uidebatur
600 3422 625 3478 B
649 3426 658 3491 l
679 3419 730 3476 sed
747 3418 779 3490 ld
796 3425 916 3474 correcta
933 3417 1005 3496 aab
1020 3417 1052 3495 B¹
1065 3418 1084 3483 b
1095 3422 1130 3468 ‘lo

87 3488 189 3541 001112'2
214 3493 244 3560 (r
265 3505 397 3555 correcta
423 3516 458 3555 ea
484 3499 511 3571 s)
533 3498 562 3554 B
590 3494 673 3552 curio.
696 3496 761 3565 lona.
779 3494 806 3562 el
829 3490 857 3543 N
878 3488 1024 3541 incanam
1039 3487 1084 3549 lm
1104 3501 1149 3534 ea-

61 3565 232 3632 mdam)
251 3569 278 3620 L
306 3572 316 3641 1
342 3572 542 3629 confecerant
564 3572 595 3628 L
