2436 3826
182 864 220 923 P·
243 862 364 923 ANNII·
387 862 515 924 FLORI·
539 862 751 924 VERGILIVS·
776 862 945 924 ORATOR·
967 863 1018 924 AN

486 978 573 1049 poeta
596 973 710 1049 incipit.

158 1107 181 1190 †
210 1111 344 1190 Capienti
371 1113 446 1171 mihi
473 1114 504 1172 in
531 1112 642 1191 templo
671 1120 700 1173 et
728 1116 860 1173 saucium
888 1113 985 1192 sigilia
1013 1121 1102 1194 caput

92 1199 286 1277 plurimarum
309 1199 447 1260 arborum
471 1204 656 1282 amoenitate,
682 1205 853 1280 euriporum
877 1202 999 1282 frigore,
1023 1205 1100 1262 aeris

66 1287 227 1348 elibertate
255 1291 403 1348 recreanti
431 1287 545 1349 obviam
573 1289 671 1350 subito
699 1290 819 1368 quidam
842 1291 938 1370 fuere,
967 1309 1040 1369 quos
1064 1291 1099 1350 ab

91 1376 176 1436 urhis
217 1376 386 1455 spectaculo
422 1377 571 1437 Baeticam
606 1385 791 1438 revertentes
828 1381 949 1438 sinister
985 1378 1099 1439 Africae

82 1474 196 1525 ¹ventus
229 1467 261 1524 in
292 1465 348 1525 hoc
380 1464 450 1525 litus
484 1473 661 1526 excusserat.
708 1485 836 1544 quorum
866 1485 958 1547 unus,
991 1469 1036 1526 vir
1066 1474 1101 1527 ut

91 1563 193 1633 postea
217 1557 352 1634 apparuit
374 1553 483 1614 litteris
501 1555 700 1634 pereruditus,
724 1554 822 1616 subito
842 1555 877 1615 ad
896 1574 944 1615 me
964 1558 1106 1616 convenit.

91 1650 121 1703 et
144 1639 246 1704 ‘salve'
273 1645 370 1721 inquit
393 1639 522 1722 ‘hospes
568 1645 627 1703 nisi
653 1643 811 1704 molestum
835 1650 892 1723 est,
921 1644 968 1703 dic
991 1661 1100 1705 nomen

52 1739 188 1813 10tnum3
211 1750 279 1793 nam
302 1734 402 1792 nescio
427 1732 498 1810 quid
522 1732 601 1793 oculi
623 1734 683 1791 mei
707 1739 876 1792 ammonent
895 1739 924 1792 et
943 1734 1028 1810 quasi
1046 1752 1100 1811 per

91 1821 225 1881 nubilum
253 1838 433 1900 recognosco
462 1820 533 1900 quid
561 1817 650 1881 istic?
693 1817 773 1901 ‘hic',
801 1823 935 1901 inquam,
968 1815 1100 1881 ‘Florum

91 1910 182 1989 vides,
206 1910 331 1970 sortasse
355 1917 384 1970 ot
408 1909 546 1989 audieris,
571 1912 596 1969 si
615 1917 714 1970 tamen
733 1913 764 1969 in
783 1909 834 1969 illo
853 1909 933 1970 orbis
952 1916 1100 1970 terrarum

91 1997 285 2058 conciliabulo
314 1997 368 2058 sub
391 1997 556 2058 Domitiano
584 2001 717 2079 principe
746 2001 901 2059 certamini
923 2006 1026 2059 nostro
1050 1999 1099 2058 ad-

91 2082 195 2147 fuisti.2
242 2093 271 2147 ot
302 2087 439 2147 Baeticus
472 2083 554 2148 ‘tune
587 2083 631 2148 es’
660 2090 756 2165 inquit
789 2084 836 2148 ‘ex
868 2088 978 2167 Africa,
1011 2107 1098 2166 quem

52 2189 78 2228 1⁶
93 2193 207 2235 summo
236 2194 383 2236 consensu
410 2173 622 2255 poposcimus?
649 2179 741 2236 invito
770 2176 890 2256 quidem
917 2176 1042 2237 Caesare
1070 2184 1100 2237 et

90 2266 261 2345 resistente,
289 2282 349 2325 non
377 2266 455 2343 quod
482 2266 538 2325 tibi
564 2284 657 2344 puero
681 2264 839 2346 invideret,
864 2265 915 2325 sed
939 2284 976 2325 ne
1002 2266 1100 2326 Africa

90 2371 228 2413 coronam
256 2356 356 2432 magni
382 2353 459 2413 Iovis
488 2349 665 2432 attingeret.'
712 2373 786 2432 quae
816 2373 883 2414 cum
911 2373 958 2414 me
985 2355 1100 2415 videret

89 2442 254 2502 verecunde
279 2450 501 2522 agnoscentem,
527 2445 558 2502 in
581 2442 749 2521 amplexum
773 2443 934 2503 effunditur
958 2451 988 2502 et
1010 2438 1098 2502 ‘ama’

89 2532 186 2608 inquit
210 2527 312 2609 ‘igitur
340 2532 484 2591 fautorem
512 2527 617 2591 tuum?
665 2527 781 2609 ‘quidni
804 2526 934 2590 amem?
959 2537 988 2590 et
1010 2548 1099 2591 manu

162 2706 176 2752 1
196 2700 230 2764 of.
246 2701 368 2754 Macrob.
384 2707 434 2755 sot.
454 2702 547 2767 V1,1
568 2703 573 2769 1
593 2713 750 2754 vuaumvs
768 2701 778 2770 11
796 2707 812 2754 3
827 2699 969 2769 Spatianti
983 2701 1098 2755 Momm-

88 2787 169 2825 senns
193 2769 258 2839 Cap.
277 2771 298 2825 1.
317 2770 385 2824 Enti
407 2771 521 2826 Euoras
537 2770 671 2826 Latenti?
692 2775 695 2835 Ι
716 2770 840 2838 quietem
858 2777 922 2840 post
943 2771 1013 2824 mihi
1034 2773 1097 2828 odd.

90 2842 243 2910 Schopenus
261 2841 291 2894 in
309 2842 415 2911 templo
433 2843 549 2912 plossam
563 2849 655 2911 putat,
674 2860 742 2912 qaae
759 2845 908 2912 genuinum
925 2844 1036 2897 verbam
1052 2860 1099 2898 ee-

86 2913 200 2985 puierit,
213 2914 354 2967 Iordanes
368 2913 487 2969 Hermae
504 2914 583 2968 VIII
589 2918 684 2980 (1874)
698 2931 728 2983 p.
744 2919 780 2968 85
789 2931 826 2983 aq.
842 2912 967 2982 capienti
983 2913 1055 2966 mihi
1067 2914 1098 2967 in

89 2982 196 3052 templo
223 2982 297 3037 Iovis
323 2983 488 3053 temperiem
515 2986 544 3038 et
571 2985 728 3040 Eussnerus
750 2985 848 3039 Pititol.
873 2985 979 3039 XLIV
999 2988 1096 3053 (1885)

85 3058 223 3124 p.182sq.
240 3057 244 3124 1
261 3055 353 3124 capud
366 3057 375 3125 11
390 3060 405 3108 5
421 3055 588 3110 salubritate
602 3056 757 3124 Schopenuo
769 3057 779 3126 11
793 3061 809 3108 6
824 3055 918 3109 affrice
932 3061 941 3122 11
955 3061 971 3109 8
984 3054 1075 3109 literis
1089 3057 1098 3125 11

90 3130 105 3178 9
124 3125 224 3194 inquid
247 3133 273 3180 ct
290 3128 415 3196 deinceps
436 3129 446 3197 11
470 3132 503 3180 10
520 3143 570 3196 per
588 3127 722 3181 nebulam
739 3128 767 3180 te
785 3127 973 3198 recognosco!
1013 3125 1099 3191 ‘Quid
1123 3127 1126 3132 ’

88 3196 181 3250 istic?'
201 3196 325 3265 inquam.
362 3197 486 3251 ‘Florum
504 3199 658 3268 Schopeaus
674 3200 684 3267 11
704 3203 735 3251 11
754 3197 801 3250 hic
819 3205 881 3252 ante
899 3197 1015 3265 inquam
1033 3200 1096 3253 add.

89 3268 272 3324 Mommsenas
294 3271 303 3338 11
327 3273 360 3322 13
379 3268 501 3324 crimini:
520 3286 588 3324 corr.
604 3269 759 3338 Schopeaus
777 3267 922 3337 specimini
942 3269 1099 3323 Epasnactus

89 3338 190 3394 Paitoi.
202 3340 315 3394 XLIII
325 3344 420 3408 (1884)
432 3359 462 3410 p.
473 3345 527 3394 661
542 3342 551 3409 11
567 3346 600 3394 14
613 3340 722 3394 hetieus
738 3339 743 3412 1
759 3338 807 3394 ille
822 3346 885 3394 ante
899 3355 933 3393 ex
947 3340 1011 3394 add.
1026 3341 1098 3394 Hal·

89 3411 160 3464 mins
176 3412 180 3478 Ι
197 3409 294 3466 affrica
307 3414 317 3480 11
332 3417 364 3465 16
380 3410 475 3466 affrice
489 3427 602 3467 corona:
618 3429 685 3467 corr.
696 3412 864 3466 Ritsohetins
872 3410 984 3464 Africae
995 3426 1105 3463 cotona

89 3480 185 3550 magni
203 3481 276 3536 iovis
296 3481 454 3554 obtingeret
472 3483 732 3555 Baehrenstosittt
750 3499 876 3536 manum
