2436 3826
309 188 501 241 vnacnnvs
520 189 666 241 onaron
683 188 732 242 arv
749 188 868 240 Poura
1037 184 1102 250 185

97 355 253 434 TonantiS,
281 361 310 414 et
337 373 353 414 a
378 355 471 414 latere
494 356 606 414 vicinas
630 353 769 433 Cycladas
789 353 920 414 salutavi.
965 353 1033 413 inde
1057 371 1104 413 me

97 444 216 504 Rhodos
239 439 262 522 †
285 450 315 504 et
338 443 373 504 ab
396 461 536 521 regressu
558 443 734 522 Aegyptium
756 442 893 525 pelagus,
915 448 949 502 ut
972 460 1023 501 ora
1046 441 1105 501 Nili

96 533 228 593 viderem
247 539 277 592 et
298 532 440 611 populum
460 550 578 610 semper
597 533 627 592 in
646 531 765 610 templis
784 533 912 592 otiosum
930 533 1104 609 peregrinae

95 623 169 682 deae
193 623 281 681 sistra
300 621 475 700 pulsantem.
509 621 578 681 inde
597 639 702 681 rursus
720 619 833 681 ltaliam
852 620 938 707 redii,
960 626 989 679 et
1007 619 1104 679 taedio

69 713 186 772 ⁵maris
216 728 289 770 cum
320 709 537 770 mediterranea
569 712 789 789 concupissem,
826 716 946 770 secutus
968 707 1104 768 ¹Gallicas

95 800 183 878 Alpes
206 799 300 859 lustro
323 798 448 879 populos
471 798 608 877 aquilone
626 798 777 877 pallentes.
815 797 884 858 inde
904 797 948 858 sol
967 796 1104 857 occidens

94 889 218 969 placuit:
237 887 324 947 ilecto
344 906 473 948 cursum.
508 894 554 948 set
572 890 671 947 statim
689 905 743 967 par
761 887 894 967 horrore,
912 905 966 966 par
983 888 1105 966 vertice,

94 997 149 1057 par
171 976 220 1037 ille
244 976 362 1038 nivibus
385 975 498 1055 Alpinis
519 976 687 1055 Pyrenaeus
710 978 835 1054 excepit.
871 974 964 1055 vides,
986 975 1104 1055 hospes,

96 1085 170 1145 qnae
186 1068 280 1145 spatia
294 1065 369 1126 caeli
383 1067 611 1146 peragraverim,
625 1083 701 1145 quae
715 1067 806 1125 maris
821 1083 932 1143 quaeve
946 1071 1103 1124 terrarum.

56 1172 82 1210 ιο
95 1174 155 1215 non
188 1154 273 1214 aliter
305 1154 504 1234 meherculeS,
536 1157 563 1214 si
595 1155 730 1214 conferre
762 1156 861 1232 parvis
894 1172 998 1231 magna
1025 1152 1105 1234 licet,

96 1263 180 1304 sacer
216 1242 264 1302 ille
298 1245 413 1303 iuvenis
445 1250 541 1303 terras
572 1242 770 1323 pervolitant,
807 1244 855 1302 cui
886 1243 978 1302 Terra
1010 1249 1104 1302 mater

95 1350 218 1410 capaces
238 1338 411 1391 oneraverat
429 1331 564 1409 frugibus
583 1333 717 1411 amictus,
741 1341 856 1391 etcum
876 1330 945 1390 alite
965 1337 1103 1408 serpente

95 1438 216 1480 currum
240 1421 304 1498 ipsa
322 1422 477 1499 iunxisset,
500 1421 560 1479 nisi
577 1426 639 1480 toto
659 1419 730 1479 orbe
749 1426 904 1498 peragrato
922 1421 1016 1479 vetuit
1035 1437 1104 1478 suas

95 1509 195 1569 redire
215 1515 378 1587 serpentes.
411 1507 499 1567 liceat
517 1525 587 1585 ergo
606 1508 726 1567 tandem
744 1509 864 1585 fatigato
883 1507 932 1567 hic
947 1506 1103 1585 aliquando

54 1613 80 1652 1⁶
96 1596 300 1658 subcumbere.
347 1599 373 1657 si
400 1596 523 1676 Scythes
550 1614 662 1676 essem,
689 1599 748 1656 iam
775 1595 906 1674 plaustra
934 1595 1103 1676 solvissem3

95 1689 121 1746 si
139 1705 230 1765 vagos
249 1685 437 1766 gubernator,
455 1687 514 1745 iam
533 1683 628 1745 dicata
646 1683 743 1763 pelagi
762 1683 833 1744 deae
848 1702 936 1762 prora
950 1684 1103 1763 penderet.

94 1792 248 1854 quousque
271 1771 463 1852 vagabimnr?
486 1791 524 1832 an
547 1791 665 1852 semper
687 1773 820 1851 hospites
844 1770 978 1833 erimus?
1024 1774 1102 1833 lerae

94 1865 191 1924 cubile
222 1865 410 1943 prospiciunt
442 1869 471 1922 et
503 1880 571 1922 aves
604 1868 764 1922 senescunt
796 1864 828 1920 in
859 1860 937 1922 nido.
987 1864 1013 1922 si
1044 1861 1103 1922 fata

92 1952 215 2013 Romam
234 1958 342 2030 negant
360 1952 494 2031 patriam,
514 1950 611 2010 saltim
629 1951 678 2011 hic
697 1968 816 2011 manere
836 1953 994 2029 contingat.
1031 1952 1102 2030 quid

53 2041 172 2120 acquod
196 2040 379 2101 consuetudo
402 2058 451 2099 res
475 2040 560 2099 lortis
584 2046 638 2099 est.
678 2046 708 2099 et
730 2058 799 2100 ecce
822 2033 881 2100 iam
905 2039 1102 2100 familiaritate

93 2132 233 2189 continua
257 2130 359 2189 civitas
383 2127 469 2188 nobis
492 2131 556 2206 ipsa
579 2127 743 2209 blanditur,
771 2147 859 2208 quae,
883 2129 981 2208 siquid
1005 2127 1103 2189 credis

93 2218 166 2278 mihi
189 2220 241 2296 qui
264 2216 356 2277 multa
379 2219 511 2297 cognovi,
535 2219 667 2277 omnium
690 2236 792 2278 earum
815 2236 890 2297 quae
914 2218 950 2277 ad
972 2220 1102 2296 quietem

93 2307 243 2385 eliguntur
275 2308 442 2385 gratissima
473 2312 528 2366 est.
579 2305 722 2385 populum
754 2306 850 2387 vides,
883 2325 900 2366 o
932 2307 1040 2385 hospes
1074 2312 1103 2366 et

166 2503 179 2549 1
204 2494 340 2549 invitavit
361 2501 425 2550 acte
446 2494 513 2548 inde
531 2496 595 2550 add.
611 2495 849 2565 Freadenberpa'ae
874 2497 878 2563 1
901 2511 958 2563 me,
982 2496 1055 2564 qaod
1072 2497 1104 2548 in

91 2568 182 2621 codice
208 2568 324 2621 delatam
351 2583 404 2621 esse
425 2567 593 2635 putabatur,
619 2568 716 2621 ommno
739 2565 859 2619 Rhodon
881 2564 1037 2634 Schopecns
1057 2581 1102 2619 me

91 2637 205 2691 Rhodos
224 2637 326 2691 habuit
343 2635 501 2705 ingressum
514 2635 686 2705 Aegyptium
703 2636 822 2706 pelagus
836 2636 1020 2690 Mommaecas
1037 2635 1103 2690 inde

90 2725 135 2762 ma
149 2708 263 2761 Rhodos
278 2710 307 2761 et
321 2708 357 2761 ab
372 2723 500 2777 regressu
508 2706 681 2776 Aegyptium
694 2706 813 2776 pelagus
828 2705 927 2759 allexit
936 2707 1103 2762 Bitschelc'ae

91 2778 209 2848 pellexit
223 2778 340 2847 pelagus
355 2778 500 2846 Hauptias
514 2793 604 2846 opace.
615 2778 671 2831 ΙΠ
677 2783 732 2832 586
746 2777 864 2847 pelagus
880 2776 998 2831 attraxit
1011 2778 1103 2832 Baeh-

90 2851 207 2916 recsins‚
227 2865 265 2902 aa
283 2851 312 2901 et
330 2848 367 2901 ab
385 2847 440 2902 bac
457 2863 615 2918 regressum
627 2847 799 2918 Aegyptium
814 2847 924 2917 excepit
937 2849 988 2917 (cei
1001 2847 1093 2902 tenuit

90 2919 229 2988 pelagus?
246 2920 303 2974 cisi
319 2921 389 2986 sorte
403 2920 490 2988 plasta
504 2920 664 2974 eccidcremt
677 2921 716 2989 112
737 2918 882 2988 egyptium
896 2918 916 2987 (i
929 2936 989 2988 saep.
1002 2920 1080 2987 vers.)
1100 2918 1104 2991 1

90 2996 108 3043 4
131 2989 204 3044 redii
226 2996 373 3045 correctum
396 3007 430 3044 car
450 2989 511 3043 uidi
528 2992 573 3059 15
596 2989 685 3044 medit
708 3006 864 3044 erraneam:
893 3007 961 3045 corr.
986 2990 1103 3044 Momm-

90 3079 171 3117 senne
197 3060 433 3115 mediterraneam
457 3061 574 3132 plagam
595 3077 709 3115 noscere
733 3060 956 3130 concupiscerem
979 3062 1100 3116 Retrahe

90 3135 145 3187 lias
170 3136 174 3201 1
200 3131 392 3201 concupiscam
419 3149 487 3188 corr.
516 3151 549 3188 ec
575 3132 769 3202 concupiscam
794 3135 798 3201 1
824 3149 885 3185 sum
904 3139 968 3201 post
990 3134 1102 3186 secutus

90 3207 154 3259 add.
173 3205 340 3259 Bitscheh'as
362 3204 371 3276 11
394 3212 410 3259 6
434 3205 462 3258 et
485 3211 548 3258 anta
571 3203 659 3257 lustro
683 3205 733 3258 del.
752 3204 937 3264 Mommeeaas
960 3219 995 3256 en
1013 3203 1102 3257 lustro

89 3274 208 3330 Iahnius
230 3276 239 3343 11
263 3279 278 3327 8
302 3274 432 3343 pireneus
454 3277 464 3344 11
487 3280 520 3328 10
538 3291 595 3328 non
617 3274 693 3328 ultra
716 3275 899 3329 Mommsccas
921 3276 931 3344 11
955 3281 987 3327 11
1007 3291 1102 3328 errans

89 3349 180 3400 mater
193 3347 379 3401 Baehrensiac
392 3348 401 3415 11
416 3351 449 3399 12
469 3345 551 3399 abtas
573 3346 715 3414 serpentes
735 3362 817 3398 curru
837 3345 1076 3416 Freadecberpe'as
1094 3346 1103 3417 11

91 3423 123 3470 15
144 3418 194 3472 sub
213 3416 314 3470 umbra
327 3417 488 3471 recumbere
503 3417 743 3487 Freadocberpias
759 3420 764 3485 1
780 3416 881 3470 cithes:
901 3433 968 3472 corr.
984 3417 1101 3471 Weiclce·

89 3505 137 3542 ras
151 3492 160 3556 11
174 3494 207 3542 16
227 3487 251 3541 si
274 3487 354 3542 navis
373 3488 529 3557 Schopccac
545 3491 554 3557 11
573 3493 606 3541 22
627 3487 751 3541 omnium
769 3504 873 3542 rernm:
897 3505 969 3542 corr,
989 3489 1107 3540 Momm-

88 3576 169 3613 aenas
