2436 3826
139 219 203 284 182
362 222 472 273 suoru
489 221 650 273 amour
668 219 706 289 11,
725 224 759 273 aa
778 219 848 290 (uu,
870 221 921 288 12).

85 398 118 446 63
137 386 237 447 Parthi
274 404 404 466 quoque,
442 387 526 464 quasi
557 387 698 446 victoriae
730 387 909 466 paeniteret,
946 391 1027 463 rapta
1062 384 1144 444 clade

84 486 119 536 64
138 474 293 536 Crassiana
326 477 408 552 sigua
439 475 517 534 ultro
547 474 697 535 rettulere.
743 477 787 535 sic
810 474 921 553 ubique
950 480 1030 534 certa
1058 479 1146 552 atque

137 566 276 632 contiuua
303 565 394 624 totius
423 565 541 641 generis
567 564 690 624 humaui
718 570 768 623 aut
794 582 851 641 pax
879 563 935 623 fuit
962 571 1012 622 aut
1038 565 1146 642 pactio,

137 671 285 731 aususque
304 652 423 712 taudem
443 651 550 712 Caesar
565 652 714 730 Augustus
734 653 997 732 septingentesimo
1016 650 1052 711 ab
1072 651 1145 711 urbe

137 740 254 802 condita
277 759 353 801 auno
376 740 479 801 lanum
502 743 653 819 geminum
674 740 793 801 cludere
817 740 863 801 bis
889 747 955 801 ante
979 740 1146 800 seclusum
1175 754 1188 796 5

84 840 118 890 65
138 829 192 889 suh
219 829 313 890 Numa
340 847 409 908 rege
438 837 468 890 et
495 832 570 889 victa
597 832 728 910 primum
751 828 934 908 Carthagine.
979 830 1049 889 hinc
1077 848 1146 889 con-

136 937 241 978 versus
270 917 306 978 ad
333 937 436 996 pacem
463 936 590 996 prauum
618 921 649 978 in
673 920 771 979 omnia
795 918 870 978 mala
893 921 976 978 etin
1000 917 1147 978 luxuriam

136 1007 232 1067 fluens
260 1006 411 1066 saeculum
438 1006 575 1085 gravibus
603 1009 773 1085 severisque
800 1006 915 1085 legibus
939 1006 1040 1066 multis
1064 1025 1146 1066 coer-

137 1098 207 1176 cuit,
231 1094 268 1155 ab
291 1095 364 1155 haec
382 1101 426 1155 tot
444 1095 519 1154 sacta
538 1097 668 1173 iugentia
688 1094 814 1155 dictator
831 1102 994 1174 perpetuus
1014 1103 1044 1155 et
1061 1101 1146 1173 pater

83 1196 116 1244 66
136 1186 258 1263 patriae.
303 1190 461 1244 tractatum
494 1186 582 1243 etiam
606 1186 637 1244 iu
662 1191 766 1245 senatu
793 1203 838 1265 an,
867 1186 944 1262 quia*
963 1183 1145 1244 condidisset
1161 1200 1187 1239 ιο

135 1274 304 1352 imperium,
322 1271 465 1332 Romulus
483 1279 652 1354 vocaretur3
677 1272 729 1333 sed
753 1275 883 1333 sanctius
908 1281 937 1332 et
959 1275 1145 1333 reverentius

134 1364 231 1422 visum
254 1367 300 1421 est
322 1379 430 1421 nomen
453 1360 591 1442 Augusti,
615 1368 648 1421 ut
671 1361 785 1422 scilicet
808 1363 867 1422 iam
885 1368 957 1443 tum,
981 1361 1051 1421 dum
1075 1361 1145 1421 coiit

134 1458 243 1531 terras,
267 1452 332 1528 ipso
356 1452 475 1510 nomine
499 1457 529 1510 et
551 1449 636 1510 titulo
660 1456 894 1510 consecraretur.

205 1644 219 1692 1
240 1631 518 1709 uictoriaepertiueret
531 1639 565 1692 N
579 1637 699 1692 uictoria
712 1639 889 1710 permaneret
898 1639 925 1692 L
934 1639 1059 1693 Monac:
1074 1640 1143 1693 corr.

133 1710 218 1765 Reae.
229 1710 264 1779 ii²
276 1708 356 1781 sigua
366 1711 457 1778 (ΜΝ
465 1711 468 1781 1
481 1711 593 1766 cuncte:
603 1727 671 1765 corr.
680 1711 893 1777 Freinshemius,
902 1712 1078 1778 c.p.180,15,
1087 1727 1145 1763 una

133 1783 158 1835 I.
165 1781 201 1836 F.
210 1781 381 1907 Gronoviuslqt
392 1781 500 1835 3factio
508 1784 534 1850 (c
542 1799 602 1850 sup.
613 1797 679 1837 cers.
688 1800 722 1837 m.
729 1781 798 1851 2)N
807 1779 902 1850 pactio
911 1782 1035 1836 LPalat.
1045 1780 1144 1850 paccio

139 1853 212 1908 Voss.
227 1853 338 1908 Monac.
382 1854 439 1907 edd.
453 1852 586 1923 fatigatio
601 1852 746 1922 Haicptius
759 1854 768 1921 11
782 1856 799 1904 4
812 1851 894 1920 gaius
910 1854 1057 1922 augustus:
1074 1869 1143 1906 corr.

136 1923 340 1978 Freinshemius
356 1925 360 1993 1
377 1922 634 2006 septingentissimo
653 1923 686 1977 N
696 1926 735 1994 115
754 1922 884 1977 claudere
902 1924 936 1976 Ν
939 1924 976 1977 ²L
992 1929 996 1994 1
1018 1925 1083 1977 ante
1101 1939 1144 1976 re·

134 1993 242 2048 clusum
256 1994 283 2047 L
296 1995 305 2064 11
319 2001 335 2050 8
350 1995 492 2049 cohercmt
505 1996 532 2048 L
545 1997 555 2064 11
570 2000 585 2047 9
605 1993 629 2047 sl
648 2001 711 2050 ante
728 1994 806 2048 facta
824 1996 887 2048 add.
902 2001 928 2049 et
946 1996 1082 2064 expunxit
1095 1995 1121 2047 L

134 2070 167 2117 11
187 2063 311 2118 sanctius
330 2067 356 2134 (c
373 2082 459 2135 supra
472 2068 587 2136 cerum)
602 2065 629 2118 L
642 2068 651 2135 11
666 2071 698 2119 12
713 2082 745 2119 co
759 2064 857 2119 literas
871 2066 905 2118 N
916 2065 1059 2120 colitteras
1074 2066 1107 2119 N
1110 2065 1120 2095 ²

134 2157 168 2206 13
186 2142 224 2206 L·
244 2142 347 2208 Lucu
364 2153 460 2210 FLoau
477 2143 614 2209 demorsa
632 2143 848 2210 nuuaaoiuum·
867 2143 1027 2209 uerrc1u·
1047 2154 1144 2208 Lmen

132 2237 198 2291 1111;
218 2223 403 2280 Fqucruua·
423 2227 600 2293 (sumemus
619 2242 668 2280 om.
684 2225 720 2294 L)
739 2227 900 2295 subscripsit
919 2225 942 2280 0
