2436 3826
413 183 616 237 Paaarnnro
636 186 805 238 nnlnonrs
1038 184 1117 238 xxv
1176 259 1178 262 1

103 352 196 414 verba
224 342 303 431 (cap.
325 354 374 426 19,
395 348 428 427 3)
456 353 574 411 Parthis
601 350 729 412 Arsaces
745 353 879 429 propius
907 353 1017 412 absunt
1045 373 1063 412 a
1090 354 1115 411 B

106 441 160 519 qui
187 445 304 500 artaxer
331 458 378 498 ser
399 459 462 514 par
488 442 544 500 tbis
571 440 662 502 habet
691 461 782 519 quam
809 461 827 500 a
855 440 877 501 O
906 432 1065 520 (artaxatis
1087 443 1116 500 N

106 532 247 590 artasatis
270 521 340 610 Ll),
372 529 425 606 qui
451 549 559 589 nomen
577 528 726 590 Artaxata
749 550 785 590 ex
807 531 887 591 bello
911 531 1117 590 Mithridatico

106 610 137 700 (I
155 622 207 697 40,
228 610 284 699 27)
307 622 442 678 noverat.
479 619 532 679 illo
555 619 651 697 igitur
673 619 855 679 recensionis
876 619 1062 678 Nazarianae
1086 623 1119 678 et

108 707 206 768 Orosii
229 725 375 767 consensu
400 708 452 784 qui
475 727 535 768 non
558 709 603 767 ita
624 709 763 786 frequens
788 712 834 767 est
851 708 928 766 nihil
946 709 1028 767 alind
1048 727 1116 785 pro·

107 797 199 856 batur
226 797 286 855 nisi
312 796 373 854 iam
400 796 491 856 buius
519 800 619 856 aetate
643 797 725 857 Flori
756 797 936 874 exemplaria
959 798 1119 875 divulgata

105 885 200 945 fuisse
233 905 310 962 qnae
345 885 464 962 aliquot
491 886 655 962 scripturas
682 905 751 946 cum
778 886 807 944 N
834 888 865 946 et
891 887 916 944 L
944 905 1119 945 communes

106 974 260 1033 heberent.
305 974 348 1033 id·
365 975 446 1052 quod
468 975 579 1033 mirum
601 975 658 1034 tibi
680 995 740 1036 non
761 975 927 1052 videbitur,
956 976 1119 1035 dummodo

105 1063 293 1140 reputaveris
321 1063 382 1122 iam
410 1083 446 1122 ex
472 1065 543 1122 crisi
572 1065 752 1141 scriptorum
776 1065 958 1125 Graecorum
982 1068 1013 1124 et
1034 1064 1118 1123 Lati·

107 1171 228 1230 norum,
266 1172 393 1229 quorum
431 1155 486 1212 aut
516 1153 707 1212 membranae
739 1157 793 1213 aut
824 1154 933 1230 papyri
965 1154 1119 1213 codicibus

106 1241 257 1301 Florianis
288 1242 386 1300 multo
419 1243 602 1302 vetustiores
634 1245 766 1303 aetatem
797 1244 948 1318 tulerunt,
980 1246 1120 1301 constare

110 1330 289 1408 gravissima
312 1349 449 1407 quaeque
471 1331 548 1390 vitia
571 1334 602 1390 et
624 1332 872 1409 interpolationes
894 1331 954 1390 nisi
981 1332 1118 1391 codicum

109 1438 165 1495 ope
187 1439 248 1477 non
271 1419 452 1496 detegendas
475 1439 535 1478 non
558 1420 656 1479 medio
680 1440 769 1498 aevo,
793 1422 845 1479 sed
867 1421 927 1479 iam
950 1421 1017 1495 ipsa
1040 1420 1118 1479 anti·

110 1508 227 1584 quitata
252 1526 283 1567 se
306 1507 338 1565 in
361 1527 466 1567 eorum
489 1509 656 1568 orationem
679 1503 886 1588 insinuasse2).

176 1597 268 1656 Porro
297 1597 375 1656 libro
402 1598 429 1655 B
458 1597 668 1672 patrocinatur
701 1599 829 1672 scriptor
855 1616 916 1656 uno
942 1600 1063 1656 tantum
1090 1600 1122 1657 et

111 1685 191 1762 quod
215 1685 346 1746 excurrit
369 1686 489 1745 saeculo
513 1686 662 1745 recentior
685 1684 797 1746 Oresio.
843 1686 1032 1745 Iordanem
1055 1686 1120 1745 dico

110 1764 157 1854 (1)
179 1775 233 1852 qui
255 1774 333 1834 libro
361 1776 397 1833 ete
423 1792 539 1834 samma
566 1779 726 1848 temporam
752 1777 796 1833 eet
823 1777 934 1849 criptae
957 1777 1151 1848 aetibxsqael

107 1865 201 1938 peratis
223 1863 426 1922 Roaeaaorara
448 1882 525 1923 anno
548 1883 576 1939 p.
601 1863 668 1922 Obr.
687 1885 716 1924 n.
734 1864 805 1923 DLI
827 1865 908 1924 edito
923 1864 976 1924 ita
998 1864 1123 1923 Florum

110 1952 142 2011 in
170 1971 261 2011 usum
289 1971 378 2011 suum
406 1952 556 2013 convertit
582 1956 618 2013 ut
646 1953 684 2011 ab
712 1954 796 2012 urbis
822 1952 994 2030 primordiis
1026 1971 1122 2030 usque

113 2043 151 2100 ad
174 2042 289 2100 bellum
311 2042 539 2101 Macedonicum
562 2043 727 2101 secundum
754 2036 784 2124 (Ι
809 2045 836 2121 1,
858 2045 974 2119 1-28,
996 2034 1028 2121 1)
1047 2061 1123 2118 pau·

112 2131 154 2189 cis
188 2130 305 2190 omissis
336 2131 590 2208 paucioribusque
621 2131 747 2190 mutatis
780 2151 849 2190 eum
881 2132 1043 2208 diligenter
1075 2150 1124 2189 ex-

112 2219 266 2296 primeret,
290 2219 396 2278 deinde
420 2239 457 2279 ex
479 2221 561 2279 Rufii
582 2220 666 2279 Festi
687 2221 836 2280 breviario
860 2220 1008 2298 quaedam
1031 2221 1123 2278 inter·

112 2300 286 2389 poneret3),
318 2311 469 2385 postremo
498 2309 530 2367 in
557 2309 637 2369 bello
664 2309 806 2370 Parthico
835 2303 955 2391 (146),
982 2309 1014 2367 in
1042 2309 1124 2368 bello

184 2568 211 2635 1)
236 2582 270 2622 ex
292 2565 362 2620 locis
386 2565 525 2620 similibus
544 2566 620 2621 Flori
644 2569 672 2621 et
694 2566 772 2621 Festi
794 2567 868 2621 inter
891 2584 920 2621 se
945 2567 1125 2636 comparatis,

111 2636 143 2690 id
157 2636 233 2706 quod
246 2637 279 2690 A.
294 2637 449 2692 Eussnerus
464 2637 533 2692 fecit
548 2637 711 2707 ‘Philologi’
726 2638 855 2692 XXXVH
869 2640 959 2719 (1877)
973 2656 1001 2707 p.
1017 2643 1068 2692 154
1074 2656 1135 2708 sq„-

111 2724 170 2762 non
197 2707 287 2762 solum
314 2707 396 2762 illum
424 2709 460 2763 ab
485 2708 539 2763 hoe
567 2708 736 2776 quibusdam
763 2708 833 2763 locis
866 2710 1036 2778 exscriptum
1064 2725 1125 2763 esse

114 2778 207 2832 elucet
230 2811 263 2820 -
288 2796 344 2848 qua
363 2780 397 2834 de
416 2797 446 2834 re
469 2796 505 2834 ne
522 2779 643 2833 Beckius
667 2780 781 2848 quidem
803 2780 954 2834 ‘observat
975 2779 1010 2833 de
1028 2778 1123 2834 Floro’

134 2855 190 2905 .1o
209 2850 353 2904 dubitavit
371 2883 417 2920 -‚
442 2852 492 2905 sed
515 2851 586 2905 alios
610 2867 721 2920 quoque
745 2853 873 2906 auctores
892 2849 1035 2921 adhibitos
1056 2850 1124 2904 esse.

111 2867 226 2975 Florum
245 2924 340 2976 autem
359 2921 451 2992 ipsum
470 2923 496 2977 ei
515 2923 551 2977 ob
570 2922 665 2976 oculos
684 2922 771 2977 fuisse
789 2922 909 2976 maxime
927 2921 974 2976 hic
986 2921 1128 2976 ostendit

111 2992 190 3047 locus
209 2996 262 3062 (20,
278 2996 304 3063 2)
322 2995 462 3049 Traianos
480 2995 528 3064 qxe'
541 3001 605 3063 post
618 2995 774 3064 Aapastrax
788 2995 931 3049 Roraaaae
944 2994 986 3048 ret
997 2995 1127 3063 pxtticae

112 3065 196 3119 morit
214 3066 327 3119 lacertos
344 3081 377 3119 ex
395 3064 472 3118 illius
491 3064 633 3134 prooemio
652 3068 689 3134 (p.
706 3069 790 3136 6,13)
810 3065 981 3134 desumptus.

185 3138 212 3205 2)
235 3135 268 3188 A.
292 3135 480 3191 Kirchhoffius
507 3136 539 3190 in
564 3135 672 3190 nuntiis
701 3136 862 3190 academiae
886 3134 1075 3190 Berolineneie
1099 3152 1125 3189 a.

114 3211 182 3261 1881
211 3225 238 3276 p.
259 3212 310 3260 989
339 3210 368 3261 et
389 3207 423 3262 H.
448 3207 587 3262 Usenerus
615 3207 645 3261 in
667 3206 775 3260 nuntiis
799 3206 943 3262 societatis
967 3206 1126 3260 litterarum

113 3276 212 3332 Gottin
233 3277 307 3332 eneis
327 3278 394 3333 anni
415 3284 483 3332 1892
501 3298 528 3348 p.
548 3284 591 3346 50,
611 3278 645 3332 ef.
665 3277 752 3333 etiam
765 3278 795 3334 F.
810 3277 935 3332 Blassius
954 3277 984 3330 in
999 3277 1127 3332 oratione

114 3347 179 3404 ‘Die
226 3349 426 3432 ntdeekungen
454 3350 507 3405 auf
530 3350 556 3404 d.
584 3349 701 3404 Gebiete
725 3349 774 3404 der
796 3349 883 3403 klass.
905 3349 1073 3414 Philolog'm
1089 3349 1143 3395 'm

113 3419 199 3475 Jahre
218 3423 299 3475 1891'
321 3420 424 3491 (Kihae
443 3424 523 3494 1892)
541 3439 569 3494 p.
585 3427 630 3480 18.

183 3494 210 3560 3)
224 3508 363 3561 perquam
386 3494 541 3568 probabile
563 3495 685 3555 videtur
707 3494 866 3554 uolumine
889 3489 977 3559 quod
989 3471 1213 3595 nneead‘xssz

101 3560 235 3616 manibus
253 3568 317 3621 erat
330 3584 424 3641 aeque
439 3571 565 3630 Rufium
575 3572 711 3632 Festum
723 3567 986 3643 comprehensum
995 3553 1100 3607 sanese
