2436 3826
147 175 191 239 50
510 176 621 229 FLORI
639 177 799 228 EPITOMA

148 341 366 419 deprehensum
385 348 487 401 est-
503 343 612 421 quippe
632 343 710 401 sicut
727 343 842 419 primus
862 343 991 420 impetus
1005 343 1050 401 eis
1065 343 1160 403 maior

147 447 235 508 quam
263 431 395 489 virorum
426 437 484 511 est,
513 432 554 489 ita
583 447 711 508 sequens
738 431 837 489 minor
860 447 949 508 qnam
971 429 1159 512 feminarum,

58 534 61 539 ·
111 517 267 597 2Alpina·
289 536 413 597 corpora
449 520 564 578 umenti
600 517 681 578 caelo
718 517 842 578 educata
873 517 985 579 habent
1017 518 1158 597 quiddam

147 606 243 666 simile
266 606 385 666 nivibus
409 608 485 666 suis:
509 603 625 685 †quam
648 625 716 666 mox
740 606 857 667 caluere
876 624 984 687 pugna,
1007 608 1108 667 statim
1126 609 1158 667 in

109 708 125 755 3
146 695 285 754 sudorem
309 701 381 754 eunt
404 703 433 755 et
456 695 513 754 levi
536 702 620 755 motu
643 697 728 773 quasi
752 694 813 755 sole
837 694 980 756 laxantur.
1016 695 1049 755 hi
1068 714 1157 775 saepe
1181 707 1195 748 ⁵

145 790 174 842 et
197 782 269 843 alias
292 790 322 843 et
339 782 518 843 Brittomaro
542 783 616 844 duce
640 801 700 843 non
723 785 807 862 prius
830 785 980 862 posituros
1005 801 1037 844 se
1059 783 1157 845 baltea

145 889 232 949 quam
265 870 442 950 Capitolium
478 872 683 932 ascendissent
719 874 896 932 iuraverant.
949 872 1059 932 factum
1098 880 1157 953 est3

108 961 236 1020 tvictos
269 962 348 1019 enim
375 960 517 1020 Aemilius
550 961 581 1019 in
609 958 753 1038 Capitolio
781 960 930 1021 discinxit.
975 978 1045 1020 mox
1072 962 1157 1021 Ario-

143 1049 218 1107 visto
243 1048 317 1108 duce
340 1066 448 1108 vovere
470 1048 507 1108 de
530 1055 701 1109 nostrorum
720 1049 848 1109 militum
865 1048 976 1128 praeda
994 1048 1082 1109 Marti
1102 1067 1156 1110 suo

143 1143 288 1214 torquem.
334 1138 493 1215 intercepit
519 1135 652 1215 luppiter
683 1145 796 1217 votum3
829 1155 897 1196 nam
930 1136 967 1197 de
994 1137 1155 1216 torquibus
1170 1149 1194 1189 1⁰

108 1239 246 1287 tearum
279 1243 402 1285 aureum
429 1233 584 1304 tropaeum
611 1225 672 1284 lovi
700 1224 862 1285 Flaminius
890 1226 993 1285 erexit.
1039 1225 1156 1286 Virido-

142 1331 224 1372 maro
252 1332 322 1391 rege
346 1312 477 1373 Romana
505 1332 586 1373 arma
608 1312 734 1374 Volcano
757 1315 964 1392 promiserant.
1011 1313 1155 1375 aliorsum

142 1408 208 1460 rota
238 1402 422 1482 ceciderunt;
455 1404 553 1462 occiso
583 1403 662 1461 enim
688 1419 758 1479 rege
786 1400 943 1461 llareellus
970 1404 1059 1462 tertia
1087 1410 1156 1482 post

141 1488 298 1550 Romulum
321 1498 436 1569 patrem
459 1480 594 1551 Feretrio
617 1489 678 1548 lovi
701 1491 798 1568 opima
823 1489 986 1568 suspendit.

357 1783 361 1790 Ι
402 1701 476 1761 XXI.
509 1699 658 1760 BELLVM
680 1699 889 1761 ILLYRICVM.

55 1842 123 1925 1175
204 1843 297 1923 Illyrii
333 1841 544 1916 squLiburni
581 1841 635 1902 suh
674 1844 815 1902 extremis
847 1841 964 1920 Alpium
1000 1814 1153 1903 radicibus

139 1938 228 2011 agunt
268 1933 348 1990 inter
380 1931 495 1989 Arsiam
527 1929 697 2007 Titiumque
739 1930 850 1990 flumen
891 1929 1064 2008 longissime
1097 1950 1154 2010 per

208 2049 231 2101 I
256 2053 268 2098 1
294 2045 398 2127 quippe
421 2045 510 2098 uirtus
535 2061 629 2100 eorum
652 2046 726 2100 sieut
746 2046 838 2127 primo
861 2045 970 2116 impetu
992 2046 1085 2102 maior
1108 2049 1153 2120 111

138 2124 153 2172 2
173 2134 258 2186 quem
276 2147 310 2157 -
329 2132 421 2170 mmor
443 2118 543 2170 omissa
565 2118 629 2171 odd.
648 2117 689 2171 B¹
714 2121 719 2188 1
743 2119 786 2170 rte
809 2119 837 2186 (a
855 2124 975 2173 correcta
992 2136 1027 2173 m.
1047 2124 1063 2172 1
1083 2136 1118 2174 ex
1137 2135 1153 2172 e

135 2190 177 2244 oet
195 2191 222 2256 o)
241 2187 276 2242 N
291 2190 301 2258 11
321 2192 337 2240 3
356 2187 490 2241 humente
507 2188 535 2240 Α
554 2187 662 2241 umenti
680 2190 754 2256 (eote
771 2205 790 2240 u
808 2189 897 2243 deletu
913 2195 952 2243 est
969 2206 1028 2243 uua
1047 2190 1152 2259 littera)

137 2259 171 2312 N
185 2257 312 2312 humenti
326 2258 353 2311 L
373 2261 382 2328 1
405 2265 422 2312 4
441 2273 513 2325 quae
531 2274 596 2311 mox
613 2260 646 2311 vt
664 2260 706 2327 (vt
723 2276 810 2329 supra
827 2275 933 2315 uersum
950 2275 984 2314 m.
999 2261 1030 2329 2)
1045 2259 1081 2314 N
1095 2277 1151 2333 que

136 2345 201 2382 mox
228 2331 261 2382 ut
283 2330 310 2382 L
338 2346 401 2382 enm
428 2345 493 2382 mox
515 2330 538 2383 I
560 2346 624 2383 eum
651 2327 700 2382 uix
726 2330 971 2400 Berceuberperrrs,
998 2347 1037 2384 ura
1064 2347 1150 2399 quom

137 2399 246 2470 [mox]?
266 2402 271 2469 1
291 2400 423 2454 insudore
441 2402 594 2470 (torpetem,
614 2417 684 2471 puae
701 2417 730 2453 m
748 2401 899 2471 siquidem,
916 2417 1005 2470 supra
1023 2417 1039 2454 e
1053 2404 1152 2470 posuit

135 2487 169 2524 m.
190 2472 217 2538 1)
235 2471 263 2524 Β
286 2473 295 2540 11
317 2476 333 2523 5
352 2470 410 2524 leui
428 2469 468 2540 (ui
485 2479 606 2527 correcte
624 2487 658 2526 ers
676 2474 720 2539 cu)
739 2472 767 2525 Β
785 2470 842 2524 leui
860 2471 994 2527 Halmius
1011 2472 1021 2540 11
1040 2477 1056 2526 6
1076 2471 1151 2527 alias

135 2539 163 2592 L
183 2543 187 2609 1
208 2542 236 2594 et
254 2542 275 2593 1
291 2542 339 2595 sed
358 2542 436 2610 ΒΟΙ
456 2542 547 2596 britoo
565 2558 644 2595 mero
662 2542 691 2595 Β
709 2541 876 2598 brittomaro
894 2543 962 2596 13²1
975 2541 1051 2596 brito
1069 2559 1151 2597 mero

134 2611 170 2665 N
192 2611 280 2666 britto
305 2628 384 2666 maro
407 2613 434 2665 L
460 2617 464 2676 Ι
489 2612 630 2681 posituros
654 2616 680 2666 A
709 2612 840 2667 soliturus
863 2615 891 2682 (v
914 2629 1001 2682 supra
1023 2611 1151 2682 iposuit

134 2700 168 2737 ro.
187 2685 216 2751 2)
235 2683 269 2736 N
288 2682 428 2737 soluturos
447 2683 474 2736 L
499 2685 503 2749 Ι
529 2685 565 2737 se.
585 2684 612 2736 L
634 2685 644 2750 11
668 2689 682 2736 l
706 2684 814 2737 factum
833 2685 929 2737 autem
946 2684 991 2737 est
1009 2684 1039 2737 et
1056 2683 1150 2740 uictos

135 2769 182 2808 eos
200 2754 272 2819 1118
289 2754 388 2808 *enim
406 2771 421 2826 p
439 2753 543 2806 mulius
562 2753 611 2824 Nl
629 2753 762 2808 discinxit
780 2756 810 2808 et
827 2754 903 2823 quod
922 2754 980 2807 dux
997 2770 1095 2808 eorum
1114 2755 1150 2810 de

134 2841 249 2879 romano
268 2824 354 2877 militi
372 2824 507 2905 praedem
524 2823 610 2878 mss-ti
628 2841 678 2880 suo
696 2826 827 2892 torquem
845 2840 961 2879 aureum
984 2824 1151 2880 denotasset

133 2895 284 2965 intercepit
301 2894 426 2964 iupprter
443 2896 465 2948 I
477 2896 481 2966 Ι
501 2894 561 2949 ario
579 2894 655 2950 bisto
675 2898 702 2949 Β
721 2895 841 2949 arionito
863 2896 887 2951 G
896 2898 906 2965 l
920 2901 954 2949 10
972 2894 1078 2965 iupiter
1095 2896 1146 2967 Nl

133 2969 232 3020 uotum
251 2967 398 3035 (posterior
415 2981 434 3018 u
453 2972 572 3020 correcta
590 2984 623 3021 ex
642 2969 681 3035 er)
696 2966 724 3019 L
739 2969 743 3034 1
759 2968 858 3021 uotum
876 2968 905 3021 et
923 2966 959 3020 de
976 2965 1038 3020 eius
1057 2966 1148 3037 ipsius

133 3035 313 3091 ariobistonis
340 3035 544 3104 relicorumque
566 3035 706 3107 gallorum
729 3037 877 3105 torquibus
901 3053 1017 3091 sursum
1039 3039 1089 3106 11
1113 3043 1146 3091 11

133 3108 221 3162 erexit
239 3106 409 3162 flamminius
427 3109 449 3161 I
469 3109 473 3177 1
495 3107 665 3162 flamminius
683 3109 712 3162 Β
736 3111 740 3178 1
765 3125 814 3162 rex
833 3124 944 3177 qnoque
962 3107 1147 3173 eorumuiri·

132 3179 264 3233 domarus
283 3194 400 3232 romana
419 3195 497 3232 arma
515 3178 637 3249 uulcsno
649 3178 831 3248 promisserst
843 3181 865 3233 I
877 3181 884 3248 1
897 3177 1083 3233 Virodtmsro
1096 3179 1125 3233 L
1137 3180 1148 3251 11

107 3301 111 3308 .
132 3254 165 3303 12
185 3250 305 3304 uuleeno
320 3251 379 3303 BL
392 3253 402 3318 11
418 3255 450 3303 13
469 3250 547 3320 rege]
562 3265 594 3304 eo
609 3252 630 3304 I
641 3252 646 3317 1
661 3249 745 3304 tertio
759 3252 781 3304 Ι
792 3252 796 3320 1
812 3252 912 3320 postea
930 3252 963 3304 irc
980 3249 1067 3303 tertia
1080 3251 1148 3319 post

130 3327 196 3376 mut.
211 3321 239 3375 Β
253 3323 262 3389 1
277 3325 311 3374 14
329 3320 388 3375 ioui
405 3324 431 3390 (o
442 3328 506 3390 post
516 3323 691 3390 posteriorem
704 3320 715 3374 i
728 3323 825 3389 deletu)
840 3336 919 3375 arma
933 3319 1081 3390 suspendit
1094 3321 1129 3375 N
1137 3321 1147 3392 11

131 3397 165 3445 15
183 3406 346 3446 mntmevm
365 3392 392 3445 L
414 3394 424 3462 11
447 3398 479 3447 16
498 3390 584 3446 lllirii
603 3393 630 3444 Β
648 3390 744 3444 illirici
762 3391 789 3444 L
812 3390 908 3460 illyres
928 3391 1024 3446 eutem
1041 3390 1080 3462 ΙΙ
1096 3407 1147 3445 seu

130 3461 236 3530 lybirni
250 3463 279 3516 Β
295 3461 326 3514 id
345 3465 389 3517 est
406 3461 503 3517 ueneti
521 3479 570 3517 seu
585 3461 710 3516 liburnes
725 3464 765 3532 Ι11
780 3467 812 3515 tt
827 3460 1019 3529 titullumtque
1034 3461 1062 3515 Β
1075 3460 1145 3516 titu-

115 3530 237 3596 Jnmque
253 3534 299 3602 Il
309 3532 479 3606 longissime
498 3536 525 3606 (e
543 3536 575 3589 tu
593 3535 704 3603 recuro)
721 3533 827 3588 flumen
845 3534 871 3586 Β
