2436 3826
466 200 812 270 11‚12.1a(1111‚1.2).
940 266 944 274 ,
1083 199 1146 263 139

134 385 193 446 que
208 365 306 426 rabies
320 368 379 426 iam
393 368 470 427 intra
484 364 591 426 urhem
604 365 797 448 praeluserat,
812 369 897 446 quasi
911 369 937 427 si
950 369 1145 446 experiretur.

134 455 252 535 Syllana
278 462 440 533 tempestas
467 454 570 536 latius,
597 457 676 515 intra
698 454 813 516 ltaliam
839 463 938 516 tamen
962 456 1144 517 detonuerat.

135 544 270 606 Caesaris
284 545 368 604 furor
383 550 470 622 atque
484 543 608 623 Pompei
620 544 727 605 urhem
740 545 863 626 ltaliam,
881 551 985 624 gentes
999 547 1144 626 nationes,
1163 558 1179 606 3

132 641 230 694 totum
244 634 379 711 denique
388 651 445 711 qua
458 632 578 711 patebat
591 634 751 711 imperium
763 635 890 712 quodam
900 636 986 713 quasi
995 633 1105 693 diluvio
1115 640 1145 693 et

107 723 365 782 oinllammatione
394 724 550 802 corripuit,
578 722 651 782 adeo
679 729 795 783 utnon
817 731 898 783 recte
921 730 1036 783 tantum
1060 722 1144 782 civile
1163 733 1180 781 4

135 812 263 892 dicatur,
296 830 329 870 ac
358 829 395 870 ne
424 810 531 870 sociale
560 811 693 893 quidem,
726 812 778 871 sed
806 829 862 873 nec
890 819 1059 892 externum,
1092 811 1144 872 sed

133 902 233 979 potius
270 918 426 959 commune
461 899 609 978 quoddam
646 919 682 960 ex
719 900 856 962 omnihus
894 908 923 960 et
956 900 1023 979 plus
1055 919 1144 979 quam

133 989 252 1050 bellum.
299 991 408 1068 quippe
431 991 458 1048 si
480 989 571 1049 duces
595 991 660 1050 eius
683 992 838 1070 inspicias,
865 997 945 1051 totus
969 996 1089 1050 senatus
1112 992 1179 1053 ino

133 1077 281 1159 partibus3
305 1080 331 1137 si
354 1080 511 1159 exercitus,
534 1078 604 1139 hinc
626 1079 765 1139 undecim
787 1079 929 1160 legiones,
951 1079 1020 1139 inde
1041 1079 1144 1139 decem

93 1182 120 1221 10
133 1175 164 1228 et
192 1173 271 1248 octo,
298 1167 352 1226 llos
381 1170 476 1227 omnis
505 1175 534 1228 et
561 1167 653 1228 robur
675 1167 770 1229 Italici
793 1170 957 1247 sanguinis3
986 1171 1012 1228 si
1035 1167 1144 1228 auxilia

133 1258 291 1337 sociorum,
313 1255 383 1315 hinc
403 1255 506 1316 Gallici
524 1256 722 1335 Germanique
742 1256 876 1336 dilectus,
900 1257 969 1317 inde
987 1256 1143 1318 Deiotarus

132 1344 344 1405 Ariobarzanes
372 1344 617 1406 Tarcondimotus
645 1345 733 1424 Cotys
760 1354 791 1407 et
817 1344 1023 1424 Rhascypolis,
1056 1364 1142 1406 omne

132 1433 275 1494 Thraciae
294 1433 503 1514 Cappadociae,
522 1433 709 1494 Macedoniae
729 1433 858 1514 Ciliciae,
877 1433 1015 1494 Graeciae
1034 1436 1142 1494 totius-

133 1541 190 1602 que
214 1522 305 1583 robur
324 1524 460 1603 orientis3
484 1523 510 1581 si
528 1540 642 1582 moram
660 1522 740 1603 belli,
763 1530 902 1602 quattuor
921 1525 999 1602 anni,
1024 1530 1070 1582 set
1087 1541 1141 1601 pro
1162 1539 1178 1586 6

92 1624 119 1665 16
133 1610 214 1672 clade
237 1629 338 1672 rerum
361 1610 479 1692 hreves3
504 1613 530 1671 si
552 1610 649 1671 locum
674 1618 703 1671 et
727 1614 863 1692 spatium,
887 1613 1078 1671 commissum
1097 1619 1143 1671 est

132 1703 209 1760 intra
236 1699 362 1779 ltaliam,
393 1700 462 1760 inde
496 1718 528 1759 sc
554 1702 587 1759 in
615 1699 737 1760 Galliam
765 1699 995 1778 Hispaniamque
1023 1699 1144 1760 deflexit

132 1808 343 1868 reversumque
368 1788 404 1848 ab
428 1807 535 1849 occasu
552 1790 624 1849 totis
642 1788 756 1849 viribus
774 1791 806 1849 in
824 1787 914 1866 Epiro
933 1787 1142 1868 Thessaliaque

205 1949 219 1995 1
239 1941 296 1995 iam
315 1959 365 1996 orn.
386 1941 634 2011 Glpraeeluserat
651 1943 718 1996 ΒΝ
732 1941 908 2012 precluxerat
922 1942 960 1994 L:
980 1959 1048 1996 corr.
1069 1942 1143 1997 Gru-

131 2021 204 2068 terus
226 2011 385 2082 proluserat
405 2013 555 2081 Graecina,
577 2031 601 2068 o.
617 2031 647 2082 p.
662 2019 762 2081 135‚5
786 2016 790 2083 Ι
814 2012 839 2066 si
856 2031 908 2068 orn.
928 2013 952 2068 0
971 2015 980 2083 ΙΙ
1003 2018 1018 2065 2
1040 2012 1143 2067 sillana

131 2084 192 2138 BL
206 2088 212 2152 Ι
229 2083 389 2136 detinuerat
402 2084 429 2137 L
442 2086 451 2153 11
465 2090 482 2137 4
499 2085 646 2153 totumque
662 2084 775 2154 potibat
789 2086 848 2152 (oni.
865 2083 996 2154 denique)
1010 2085 1038 2137 Β
1051 2086 1144 2137 totum

133 2155 253 2222 denique
271 2154 389 2222 patebat
407 2157 467 2223 (oni.
482 2158 548 2224 qua)
567 2157 593 2210 L
611 2158 621 2225 l
640 2162 655 2209 5
674 2155 809 2226 corripuit
828 2158 885 2224 (cor
902 2159 934 2210 in
948 2173 1049 2211 rasura
1065 2174 1099 2211 nr.
1116 2159 1143 2225 1)

131 2227 160 2279 Β
176 2231 179 2293 Ι
195 2227 284 2279 rectet
300 2227 413 2278 tantum
431 2228 561 2295 (secunda
579 2229 592 2280 t
610 2229 706 2297 deletu)
725 2229 759 2282 N
774 2230 783 2296 ΙΙ
802 2232 817 2281 6
837 2227 887 2282 sed
899 2243 935 2281 ne
951 2228 979 2281 Β
995 2231 999 2295 Ι
1016 2227 1142 2284 extienus

132 2299 163 2350 in
181 2299 326 2350 externum
344 2301 461 2354 nutarit
478 2299 519 2353 B¹
542 2302 551 2370 ll
574 2304 590 2353 8
609 2298 713 2370 quippe
730 2331 766 2338 —
783 2298 913 2369 partibus
932 2301 985 2367 bis,
1000 2301 1143 2369 prioribus

131 2371 226 2437 erusiS,
242 2370 289 2424 sed
306 2371 348 2424 ita
365 2376 397 2424 ut
414 2372 487 2425 inter
504 2388 537 2425 eu
550 2372 631 2426 verbu
646 2372 675 2424 et
687 2370 751 2440 plus
766 2386 851 2439 quam
864 2368 971 2424 bellum
984 2378 1143 2440 repetantur

131 2447 157 2494 ei
169 2442 231 2509 ipsu
244 2458 323 2495 erasa
332 2441 359 2494 Β
373 2444 382 2510 ΙΙ
396 2448 412 2495 9
426 2441 577 2496 undedeim
591 2444 738 2511 (posterior
752 2442 876 2511 ddeleta)
887 2442 921 2495 N
933 2445 936 2506 Ι
953 2442 1079 2496 decernet
1088 2445 1143 2511 (em

130 2513 876 2652 tiltlttlghtlttttltititttuiltt
886 2511 1142 2656 lililtitgitil

132 2653 286 2707 deiottarus
305 2654 334 2706 Β
353 2653 506 2707 deiotarius
526 2653 703 2722 (posteriori
720 2656 867 2723 enpniictu)
885 2654 912 2707 L
932 2658 941 2720 ΙΙ
965 2658 997 2706 12
1012 2653 1143 2708 ‚ariobar-

131 2741 213 2778 zanes
233 2725 325 2793 (tertio
343 2739 361 2776 a
379 2729 499 2778 correcto
516 2740 550 2776 en
568 2726 594 2791 o)
610 2724 636 2776 L
656 2723 660 2794 Ι
681 2723 810 2778 tarcondi
827 2725 920 2777 motus
939 2725 1018 2792 cotys
1037 2726 1066 2793 (y
1084 2743 1141 2779 cor-

130 2802 204 2849 recto
227 2812 261 2848 en
283 2793 303 2861 i)
327 2795 356 2846 et
373 2793 546 2862 thascypolis
565 2795 594 2847 Β
611 2795 852 2849 tarchondimotus
868 2824 873 2835 ·
889 2810 921 2848 co
940 2794 1017 2848 intus
1036 2795 1070 2849 N
1084 2798 1142 2850 tar-

106 2924 108 2928 ,
131 2882 183 2918 con
194 2896 200 2906 ·
211 2864 333 2917 dimotus
352 2864 512 2919 corinthus·
527 2866 554 2919 L
569 2867 574 2933 Ι
591 2881 686 2919 omnes
703 2865 725 2920 0
740 2868 749 2935 ΙΙ
769 2871 802 2918 13
821 2865 947 2919 trhaoiae
966 2868 990 2935 (r
1003 2870 1142 2935 expunxit

130 2955 164 2990 nr.
181 2942 197 2990 1
216 2943 241 2990 et
257 2953 344 3004 supra
360 2953 467 2990 uersum
483 2938 556 2992 inter
574 2936 594 2988 h
612 2943 637 2990 et
655 2953 673 2990 a
689 2939 815 3007 inseruit)
830 2937 864 2990 N
876 2940 880 3002 Ι
896 2937 1141 3007 cappadociaeque

133 3008 157 3062 G
177 3009 181 3075 Ι
208 3004 307 3060 ciliciae
329 3006 511 3062 macedoniae
532 3008 556 3062 O
577 3009 581 3080 l
606 3007 705 3063 italiae
724 3015 788 3079 post
808 3007 937 3078 graeciae
955 3010 1019 3063 add.
1037 3009 1061 3064 0
1077 3012 1086 3079 ll
1108 3015 1143 3064 14

129 3078 200 3133 belli
218 3078 246 3147 (b
265 3085 387 3133 correcta
404 3096 438 3132 nr.
455 3084 471 3132 1
491 3097 524 3134 en
541 3082 570 3148 u)
586 3080 612 3132 B
630 3078 700 3133 balli
711 3086 775 3148 post
788 3078 904 3133 orientis
918 3087 1051 3150 transpos.
1066 3081 1114 3134 N1
1137 3081 1139 3150 l

131 3151 212 3204 annis
232 3149 282 3202 sed
300 3149 328 3202 Β
347 3148 472 3204 anni·et
486 3152 513 3205 L
531 3151 605 3222 [sed]
624 3152 786 3206 Perizonius
804 3152 943 3206 animadv.
960 3153 1022 3206 hist.
1037 3169 1096 3220 cap.
1112 3153 1144 3206 X

126 3241 156 3292 p.
175 3226 233 3277 422
257 3224 266 3289 ΙΙ
288 3226 321 3274 15
341 3221 457 3276 clades*
470 3222 505 3276 N
525 3225 529 3292 Ι
553 3222 639 3276 breue
652 3222 681 3275 Β
698 3222 784 3276 breue
802 3224 912 3292 tempus
934 3222 966 3277 0:
985 3240 1054 3277 corr.
1069 3222 1142 3277 Hal-

129 3296 214 3362 mius,
238 3293 284 3347 sed
306 3294 421 3360 sortasse
443 3311 529 3362 supra
551 3300 658 3362 receptu
676 3294 816 3348 Perizonii
834 3296 990 3348 coniectura
1008 3295 1052 3348 hic
1069 3296 1142 3349 nihil

129 3366 300 3432 cantandum,
314 3366 340 3418 si
352 3363 459 3418 bellum
473 3382 507 3419 en
520 3367 557 3419 iis
570 3381 638 3434 quae
648 3367 819 3433 praecedunt
832 3371 857 3419 et
870 3371 1021 3434 sequuntur
1034 3367 1142 3435 supple·

129 3439 199 3490 ueris
221 3437 226 3504 Ι
247 3434 370 3504 spatium
388 3434 437 3488 ubi
457 3435 648 3490 commissum:
667 3452 735 3490 corr.
750 3436 913 3490 Perizonius
932 3438 949 3490 l.
964 3453 986 3490 e.
1003 3439 1008 3506 Ι
1028 3434 1141 3490 estita

130 3505 205 3560 intra
228 3506 281 3576 (ita
303 3510 477 3576 expunctum)
496 3507 523 3559 L
545 3510 554 3575 ss
578 3512 610 3560 16
633 3505 678 3559 his
702 3507 886 3577 spaniamqne
905 3508 932 3561 Β
954 3509 1020 3575 llil
1040 3510 1149 3560 oensis

128 3579 274 3646 (rirpularn
291 3579 390 3634 delenit
406 3595 440 3634 ni.
457 3580 485 3650 1)
504 3578 532 3633 Β
553 3583 560 3650 l
578 3577 701 3651 ineppra
720 3579 747 3635 L
