2430 3832
115 223 207 277 XXIV
429 227 630 279 PRAEFATIO
650 226 819 277 EDITORIS

115 393 134 453 I
156 395 212 469 48,
234 396 267 470 73
294 393 405 452 Iustini
427 393 496 451 XLI
520 396 553 470 6,
573 396 610 468 5;
644 393 716 452 libri
738 394 774 452 de
797 393 869 454 viris
893 393 1011 450 inlustr.
1033 394 1066 468 7,
1089 395 1131 452 18

117 482 288 542 confirmari
323 482 460 560 videtur,
498 483 590 542 etiem
626 483 837 559 interpolatori
874 481 966 541 elicui
1004 481 1132 558 simplex

116 571 243 633 verbum
269 590 324 648 pro
353 572 531 649 composito,
562 591 621 648 quo
644 571 753 631 Florus
781 572 885 630 eedem
909 569 1131 648 significatione

118 661 212 720 etiem
234 660 264 718 Il
286 663 334 735 13,
355 662 395 720 68
423 661 535 738 utitur,
563 660 594 718 in
622 664 754 720 mentem
783 661 927 719 facillime
950 658 1053 720 venire
1076 679 1130 736 po-

117 749 213 809 tuisse
229 752 364 826 apparet.
390 753 494 809 contre
512 750 528 807 Ι
544 753 572 827 1,
588 753 616 826 2,
637 752 654 807 2
670 752 740 825 post
754 751 923 826 sacerdotio,
937 748 991 807 ubi
1004 747 1131 807 verbum

119 838 271 916 quoddam
302 840 406 914 aperte
439 839 563 915 excidit,
596 840 705 897 1111111
734 857 753 897 1
783 839 870 899 Livio
902 839 918 897 Ι
945 839 997 915 20,
1026 840 1042 896 1
1079 832 1132 916 (cf.

118 927 297 986 Lactantius
320 927 389 986 inst.
412 927 471 987 div.
496 927 508 984 Ι
530 930 580 1005 22,
600 923 635 1002 4)
657 930 760 1003 petere
783 928 873 986 licere
896 926 1051 1003 probabile
1076 929 1131 986 est.

119 1018 153 1074 st
185 1017 265 1091 quod
298 1017 462 1091 opinantur
493 1016 539 1075 bis
571 1017 645 1075 locis
676 1017 774 1092 iisque
807 1016 915 1092 quibus
947 1016 1131 1075 recentiores

0 1131 2 1149 ·
121 1104 283 1179 scriptores
305 1105 429 1163 Florum
453 1104 692 1180 compilaverunt
713 1105 799 1164 litem
821 1105 906 1164 illam
926 1105 961 1164 de
985 1105 1132 1163 librorum

37 1181 50 1209 ⁰
120 1193 146 1251 B
170 1196 225 1251 eut
248 1191 270 1252 O
294 1193 407 1251 maiore
435 1194 617 1252 auctoritate
646 1194 746 1252 dirimi
774 1212 862 1270 posse
890 1193 1060 1253 accuratius
1085 1194 1131 1253 vi·

120 1281 251 1340 dendum
283 1285 336 1342 est.
381 1282 537 1341 verissime
571 1282 692 1358 quidem
725 1281 755 1340 O.
776 1283 1051 1360 ZangemeisteruS,
1084 1282 1133 1343 vir

121 1370 315 1443 clarissimus,
338 1371 370 1428 in
389 1368 488 1429 Orosii
512 1371 642 1430 editione
666 1371 789 1448 egregie
810 1392 838 1447 p.
858 1371 970 1430 XXVI:
994 1366 1133 1432 ‘Orosius

121 1478 190 1518 cum
212 1453 271 1518 his'
295 1450 316 1540 (·
331 1460 343 1517 i
358 1489 365 1502 ·
379 1459 464 1518 libris
483 1477 550 1519 mss.
571 1453 889 1541 Heidelbergensibus)
909 1454 1021 1536 ‘potius
1040 1479 1133 1537 quem

120 1567 190 1608 cum
222 1549 437 1623 Bambergensi
474 1550 640 1626 consentit,
677 1549 806 1626 indeque
844 1550 909 1609 eius
942 1549 1133 1627 recensionis,

120 1638 210 1696 nimis
239 1638 345 1715 opinor
371 1638 430 1696 huc
457 1657 554 1714 usque
581 1639 746 1715 neclectae,
775 1641 911 1699 vetustos
944 1642 1024 1698 certo
1053 1657 1132 1697 esse·

120 1721 220 1786 ritur.'
265 1748 370 1787 verum
393 1727 544 1787 enimvero
567 1728 636 1786 hinc
659 1747 719 1787 non
741 1727 884 1803 efficitur,
912 1727 944 1785 id
972 1728 1052 1803 quod
1079 1726 1134 1786 1111

120 1818 244 1892 putent,
279 1835 345 1874 eam
372 1816 470 1876 altere
495 1818 668 1876 recensione
696 1808 749 1898 (Ο)
777 1816 975 1878 vetustiorem
1004 1835 1068 1875 esse
1103 1818 1134 1875 et

120 1905 304 1980 ubicumque
326 1904 400 1963 hoec
424 1905 460 1963 111
484 1904 538 1963 1111
562 1905 719 1984 discrepet,
741 1904 990 1981 interpolationes
1013 1905 1083 1964 libri
1105 1905 1132 1963 B

121 1993 299 2051 statuendus
323 2010 394 2052 esse.
440 2011 511 2050 nem
542 1993 567 2052 si
591 1992 714 2053 Orosius
738 1994 889 2053 interdum
912 2013 981 2053 cum
1004 1993 1027 2053 O
1049 1994 1134 2072 fecit,

122 2081 176 2139 1111
212 2083 304 2139 testes
337 2099 397 2138 nou
429 2081 528 2139 minus
561 2082 727 2158 locupletes
758 2083 829 2141 libri
862 2084 886 2140 B
920 2083 1134 2143 auctoritatem

122 2168 316 2244 amplificent.
339 2169 425 2228 velut
443 2169 459 2227 Ι
475 2171 502 2246 1,
520 2172 547 2247 1,
563 2171 581 2229 6
597 2171 687 2228 huius
702 2171 852 2247 scripture
871 2173 1007 2232 adbibere
1019 2174 1137 2246 placuit

122 2258 190 2317 deos
211 2257 315 2316 libello
339 2257 375 2315 de
399 2258 473 2334 orig.
497 2261 577 2335 gent.
600 2258 684 2318 Rom.
706 2261 746 2318 23
771 2251 979 2338 confirmatur,
1007 2260 1030 2320 O
1053 2262 1132 2320 mele

122 2345 243 2405 exhibet
266 2347 421 2405 adhibuere
438 2338 593 2428 ptuculo¹)
618 2351 649 2407 et
671 2347 742 2407 ibid.
762 2345 781 2422 ξ
804 2351 853 2425 13,
876 2349 931 2407 ubi
950 2348 1051 2409 Orosii
1072 2369 1135 2408 ma·

121 2435 218 2512 gister
238 2435 430 2512 Augustinus
459 2435 494 2494 de
519 2435 599 2496 civit.
623 2437 671 2495 dei
694 2437 800 2496 11113
830 2437 910 2495 idem
937 2438 1029 2498 hebet
1053 2439 1133 2515 quod

122 2524 149 2583 B
180 2526 261 2583 intro
291 2526 405 2583 moenio
436 2543 491 2600 pro
524 2526 564 2584 cd
594 2527 720 2603 1111111111,
754 2526 834 2603 quod
862 2530 908 2586 est
934 2527 966 2586 in
993 2527 1018 2586 L
1047 2527 1133 2587 Voss.

122 2612 207 2672 Harl.
235 2613 329 2672 Poris.
354 2615 439 2673 5802
463 2605 586 2694 Bern2).
636 2614 741 2674 deinde
770 2614 785 2672 1
810 2617 867 2693 27,
892 2617 910 2674 5
943 2615 1025 2674 Rufii
1051 2616 1135 2676 Festi

122 2702 272 2763 breviario
301 2694 380 2784 (cap.
401 2705 455 2780 11,
475 2693 524 2782 2),
552 2703 633 2779 quod
660 2707 691 2763 et
720 2703 821 2780 ipsum
849 2703 953 2764 Oresio
981 2705 1134 2765 vetustius

124 2794 183 2869 est,
216 2791 445 2869 Bembergensis
478 2792 629 2868 scripture
659 2794 819 2866 mouebant
849 2786 990 2871 (mapalia
1016 2795 1134 2872 Festus,

123 2873 264 2962 Orosius)
293 2879 499 2957 confirmatur,
528 2899 597 2939 oum
618 2882 648 2941 N
678 2875 754 2963 (1111
784 2872 798 2961 )
827 2884 857 2940 et
880 2882 904 2940 L
934 2874 1061 2964 (uptam)
1084 2883 1135 2943 vix

122 2971 222 3029 ullum
250 2970 313 3029 veri
340 2969 503 3046 vestigium
530 2971 716 3031 servaverint
743 2973 774 3029 et
797 2971 828 3029 Π
852 2973 907 3048 32,
926 2973 969 3030 44
1000 2972 1134 3031 eiusdem

197 3177 223 3243 1)
252 3190 286 3227 ex
313 3174 451 3245 scripture
480 3173 583 3228 codicis
612 3175 634 3227 Β
661 3172 796 3244 primaria
823 3175 944 3227 necdum
971 3174 1007 3228 ab
1036 3174 1135 3229 eadem

125 3262 210 3298 menu
229 3248 340 3300 mutatu
354 3249 472 3316 piccuit,
492 3245 571 3299 ouius
591 3262 676 3299 oeuse
695 3248 738 3299 est
755 3244 868 3298 litterae
887 3244 898 3297 i
916 3245 1005 3299 forma
1023 3244 1135 3314 longior

126 3317 156 3368 et
178 3315 291 3371 11111111
313 3316 324 3370 1
347 3316 504 3384 simillime,
529 3317 668 3385 quomodo
692 3315 807 3370 alterius
832 3315 929 3369 classis
955 3315 1049 3384 grevis
1076 3333 1135 3370 cor-

125 3387 238 3454 ruptele
257 3405 320 3440 cum
338 3387 556 3457 interpolatione
576 3387 726 3442 coniuncta
740 3386 807 3441 oriri
820 3385 945 3456 potuerit
958 3386 1133 3456 perspicitur.

198 3459 225 3524 2)
244 3459 320 3512 intra
341 3461 448 3514 moenia
471 3476 533 3513 oum
557 3476 591 3513 ex
610 3458 738 3514 omnibus
760 3457 843 3512 huius
867 3457 1036 3512 recensionis
1055 3458 1135 3513 libris

106 3523 191 3601 solue
211 3525 248 3576 N
262 3528 386 3599 11111111,
415 3529 513 3586 nescio
543 3547 581 3586 an
603 3529 675 3586 haec
697 3529 836 3601 scriptura
859 3545 893 3583 ex
917 3528 990 3584 libro
1013 3531 1136 3598 quodam

87 3587 219 3644 arcenus
235 3600 420 3656 recensionis
438 3603 472 3658 in
493 3620 559 3660 eum
578 3603 665 3662 illuto
683 3603 731 3661 sit.
